@misc{jamieiact ,
author = {Holder, J},
title = "{Atmospheric Cherenkov Gamma-ray Telescopes}",
year = {2015},
howpublished={Preprint, \url{https://arxiv.org/pdf/1510.05675.pdf}}
}
@misc{nietopc ,
author = {Nieto, D and others},
title = "{Private Communication}",
year = {2018}}
}
@article{G+J ,
author = {Galbraith, W. and others},
title = "{Light Pulses from the Night Sky associated with Cosmic Rays}",
journal = {Nature},
volume = {171},
year = {1953},
pages = {349--350}
}

@article{weekestev ,
author = {Weekes,T and others},
title = "{Observation of TeV Gamma Rays from the Crab Nebula using the Atmospheric Cherenkov Imaging Technique}",
journal = {APJ},
year = {1989},
volume = {342},
pages = {379}
}


@article{jelley,
author = { J. V.   Jelley },
title = {ÄŒerenkov radiation: Its origin, properties and applications},
journal = {Contemporary Physics},
volume = {3},
number = {1},
pages = {45-57},
year  = {1961},
publisher = {Taylor \& Francis},
doi = {10.1080/00107516108204445},

URL = { 
        https://doi.org/10.1080/00107516108204445
    
},
eprint = { 
        https://doi.org/10.1080/00107516108204445
    
}

}


@article{katz,
   title={Cherenkov light imaging in astroparticle physics},
   volume={952},
   ISSN={0168-9002},
   url={http://dx.doi.org/10.1016/j.nima.2018.11.113},
   DOI={10.1016/j.nima.2018.11.113},
   journal={Nuclear Instruments and Methods in Physics Research Section A: Accelerators, Spectrometers, Detectors and Associated Equipment},
   publisher={Elsevier BV},
   author={Katz, U.F.},
   year={2020},
   month={2},
   pages={161654}
}

@Inbook{franktamm,
author="Frank, I.
and Tamm, Ig.",
editor="Bolotovskii, Boris M.
and Frenkel, Victor Ya.
and Peierls, Rudolf",
title="Coherent Visible Radiation of Fast Electrons Passing Through Matter",
bookTitle="Selected Papers",
year="1991",
publisher="Springer Berlin Heidelberg",
address="Berlin, Heidelberg",
pages="29--35",
isbn="978-3-642-74626-0",
doi="10.1007/978-3-642-74626-0_2",
url="https://doi.org/10.1007/978-3-642-74626-0_2"
}


@BOOK{weekesgamma,
       author = {{Weekes}, Trevor C.},
        title = "{Very high energy gamma-ray astronomy}",
         year = 2003,
       adsurl = {https://ui.adsabs.harvard.edu/abs/2003vheg.book.....W},
      adsnote = {Provided by the SAO/NASA Astrophysics Data System}
}

@article{magictailcut,
author = {Lombardi, S. and Berger, Karsten and Colin, Pierre and Ortega, A. and Klepser, S.},
year = {2011},
month = {09},
pages = {},
title = {Advanced stereoscopic gamma-ray shower analysis with the MAGIC
telescopes},
volume = {3},
journal = {Proceedings of the 32nd International Cosmic Ray Conference, ICRC 2011},
doi = {10.7529/ICRC2011/V03/1150}
}

@article{tjarkicrc,
      author         = "Meiner, T. and others",
      title          = "{Reconstruction of stereoscopic CTA events using deep learning with CTLearn}",
      booktitle      = "{ Contributions to the 37th International Cosmic Ray Conference (ICRC 2021)}",
      collaboration  = "CTLearn",
      journal        = "PoS",
      volume         = "ICRC2021",
      year           = {2021},
      pages          = "730",
      SLACcitation   = "%%CITATION = POSCI,ICRC2021,730;%%"
}

@phdthesis{mikaelphd,
    author = {Jacquemont, Mikael},
    title = "{Cherenkov Image Analysis with Deep Multi-Task Learning from Single-Telescope Data}",
    reportNumber = "tel-03148673",
    school = "Annecy, LAPP, LIRIS, Lyon",
    year = "2020"
}
@INPROCEEDINGS{muonhunters2,
       author = {{Laraia}, M. and {Wright}, D. and {Dickinson}, H. and {Simenstad}, A. and {Flanagan}, K. and {Serjeant}, S. and {Fortson}, L. and {VERITAS Collaboration}},
        title = "{Muon Hunter 2.0: efficient crowdsourcing of labels for IACT image analysis}",
    booktitle = {36th International Cosmic Ray Conference (ICRC2019)},
         year = 2019,
       series = {International Cosmic Ray Conference},
       volume = {36},
        month = jul,
          eid = {678},
        pages = {678},
       adsurl = {https://ui.adsabs.harvard.edu/abs/2019ICRC...36..678L},
      adsnote = {Provided by the SAO/NASA Astrophysics Data System}
}

@article{neocongnitron,
title = {Neocognitron: A new algorithm for pattern recognition tolerant of deformations and shifts in position},
journal = {Pattern Recognition},
volume = {15},
number = {6},
pages = {455-469},
year = {1982},
issn = {0031-3203},
doi = {https://doi.org/10.1016/0031-3203(82)90024-3},
url = {https://www.sciencedirect.com/science/article/pii/0031320382900243},
author = {Kunihiko Fukushima and Sei Miyake},
keywords = {Visual pattern recognition, Deformation-resistant, Unsupervised learning, Self-organization, Neural network model, Visual nervous system}
}

@ARTICLE{wavelet,
       author = {{Lessard}, R.~W. and {Cay{\'o}n}, L. and {Sembroski}, G.~H. and {Gaidos}, J.~A.},
        title = "{Wavelet imaging cleaning method for atmospheric Cherenkov telescopes}",
      journal = {Astroparticle Physics},
     keywords = {Astrophysics},
         year = 2002,
        month = jul,
       volume = {17},
       number = {4},
        pages = {427-440},
          doi = {10.1016/S0927-6505(01)00173-6},
archivePrefix = {arXiv},
       eprint = {astro-ph/0110033},
 primaryClass = {astro-ph},
       adsurl = {https://ui.adsabs.harvard.edu/abs/2002APh....17..427L},
      adsnote = {Provided by the SAO/NASA Astrophysics Data System}
}


@ARTICLE{hegratailcut,
       author = {{HEGRA Collaboration: A. Daum}},
        title = "{First Results on the Performance of the HEGRA IACT Array}",
      journal = {arXiv e-prints},
     keywords = {Astrophysics},
         year = 1997,
        month = apr,
          eid = {astro-ph/9704098},
        pages = {astro-ph/9704098},
archivePrefix = {arXiv},
       eprint = {astro-ph/9704098},
 primaryClass = {astro-ph},
       adsurl = {https://ui.adsabs.harvard.edu/abs/1997astro.ph..4098H},
      adsnote = {Provided by the SAO/NASA Astrophysics Data System}
}



@misc{simgan,
      title={Learning from Simulated and Unsupervised Images through Adversarial Training}, 
      author={Ashish Shrivastava and Tomas Pfister and Oncel Tuzel and Josh Susskind and Wenda Wang and Russ Webb},
      year={2017},
      eprint={1612.07828},
      archivePrefix={arXiv},
      primaryClass={cs.CV}
}
@misc{cyclegan,
      title={Unpaired Image-to-Image Translation using Cycle-Consistent Adversarial Networks}, 
      author={Jun-Yan Zhu and Taesung Park and Phillip Isola and Alexei A. Efros},
      year={2020},
      eprint={1703.10593},
      archivePrefix={arXiv},
      primaryClass={cs.CV}
}
@article{SNH ,
author = {Wright, D. and others},
title = "{A transient search using combined human and machine classifications}",
journal = {MNRAS},
volume = {472},
issue={2},
year = {2017},
pages = {1315--1323}
}
@misc{dodgygal,
      title={A Deep Learning Approach for Characterizing Major Galaxy Mergers}, 
      author={Skanda Koppula and Victor Bapst and Marc Huertas-Company and Sam Blackwell and Agnieszka Grabska-Barwinska and Sander Dieleman and Andrea Huber and Natasha Antropova and Mikolaj Binkowski and Hannah Openshaw and Adria Recasens and Fernando Caro and Avishai Deke and Yohan Dubois and Jesus Vega Ferrero and David C. Koo and Joel R. Primack and Trevor Back},
      year={2021},
      eprint={2102.05182},
      archivePrefix={arXiv},
      primaryClass={astro-ph.GA}
}
@book{melissinos ,
author = {Melissinos,A and others},
title = "{Experiments in Modern Physics}",
publisher = {Academic Press},
year = {2003}
}

@book{C++CNN ,
author = {Pandya,A and others},
title = "{Pattern Recognition with Neural Networks in C++}",
publisher = {CRC Press},
year = {1996}
}

@article{ciregan ,
author = {Wright, D. and others},
title = "{Multi-column deep neural networks for image classification}", journal={2012 IEEE Conference on Computer Vision and Pattern Recognition},
year = {2012},
pages = {3642--3649}
}

@misc{mathworks ,
author = {Patel,S and others},
title = "{Introduction to Deep Learning: What Are Convolutional Neural Networks?}",
howpublished = {\url{https://uk.mathworks.com}}
}


@article{oil ,
author = {Zainal-Mokhtar,K and others},
title = "{An Oil Fraction Neural Sensor Developed Using Electrical Capacitance Tomography Sensor Data}",
journal = {Sensors},
volume = {13},
issue={9},
year = {2013},
pages = {11385--11406}
}

@article{Hochreiter ,
author = {Hochreiter,S and others},
title = "{Long Short-Term Memory}",
journal = {Neural Computation},
volume = {9},
issue={8},
year = {1997},
pages = {1735--1780}
}

@article{pmtubes ,
author = {Bouvier,A and others},
title = "{Photosensor Characterization for the Cherenkov Telescope Array: Silicon Photomultiplier versus Multi-Anode Photomultiplier Tube}",
journal = {Proceedings of the SPIE},
volume = {8852},
year = {2013},
pages = {17}
}

@misc{corskplot ,
author = {Schmidt,F and others},
title = {Corsika Visualizations},
howpublished = {\url{https://www.ikp.kit.edu/corsika/}}
}

@article{LRP ,
author = {Ancona,M and others},
title = "{Towards better understanding of gradient-based attribution methods for Deep Neural Networks}",
journal = {ICLR 2018 Conference Blind Submission},
year = {2018},
}

@article{BERNLOHR,
title = "Simulation of imaging atmospheric Cherenkov telescopes with CORSIKA and sim\_telarray",
journal = "Astroparticle Physics",
volume = "30",
number = "3",
pages = "149 - 158",
year = "2008",
issn = "0927-6505",
doi = "https://doi.org/10.1016/j.astropartphys.2008.07.009",
url = "http://www.sciencedirect.com/science/article/pii/S0927650508000972",
author = "Konrad Bernlohr",
keywords = "Air showers, Imaging atmospheric Cherenkov technique, Gamma-ray astronomy"
}

@article{psm ,
author = {Delabrouille1,J and others},
title = "{The pre-launch Planck Sky Model: a model of sky emission at submillimetre to centimetre wavelengths}",
journal = {A\&A},
year = {2013},
volume = {553},
issue={96},
}

@book{EAS ,
author = {Grieder,P and others},
title = "{Extensive Air Showers}",
publisher = {Springer},
year = {2010}
}

@article{Hexagdly ,
author = {Holch,T and others},
title = "{Probing Convolutional Neural Networks for Event Reconstruction in Gamma-Ray Astronomy with Cherenkov Telescopes}",
journal = {ICRC2017},
year = {2017},
}



@book{Ginzburg ,
author = {Ginzburg,V and others},
title = "{Theoretical Physics and Astrophysics}",
publisher = {Pergamon Press},
year = {1979}
}

@article{mike,
   title={Galaxy Zoo: probabilistic morphology through Bayesian CNNs and active learning},
   volume={491},
   ISSN={1365-2966},
   number={2},
   journal={Monthly Notices of the Royal Astronomical Society},
   publisher={Oxford University Press (OUP)},
   author={Walmsley, Mike and others},
   year={2019},
   month={10},
   pages={1554-1574}
}
@article{cat,
   title={A new analysis method for very high definition Imaging Atmospheric Cherenkov Telescopes as applied to the CAT telescope},
   volume={416},
   ISSN={0168-9002},
   url={http://dx.doi.org/10.1016/S0168-9002(98)00750-5},
   number={2-3},
   journal={Nuclear Instruments and Methods in Physics Research Section A: Accelerators, Spectrometers, Detectors and Associated Equipment},
   publisher={Elsevier BV},
   author={Le Bohec, S. and others},
   year={1998},
   month={11},
   pages={425-437}
}

@article{3danalysis,
title = "Selection and 3D-reconstruction of Gamma-ray-induced air showers with a stereoscopic system of atmospheric Cherenkov telescopes",
journal = "Astroparticle Physics",
volume = "25",
number = "3",
pages = "195 - 211",
year = "2006",
issn = "0927-6505",
author = "M. Lemoine-Goumard and B. Degrange and M. Tluczykont"
}
@article{model++,
       author = {{de Naurois}, Mathieu and {Rolland}, Loic},
        title = "{A high performance likelihood reconstruction of Gamma-rays for imaging atmospheric Cherenkov telescopes}",
      journal = {Astroparticle Physics},
     keywords = {Astrophysics - Instrumentation and Methods for Astrophysics, Astrophysics - High Energy Astrophysical Phenomena},
         year = "2009",
        month = "12",
       volume = {32},
       number = {5},
        pages = {231-252},
       adsurl = {https://ui.adsabs.harvard.edu/abs/2009APh....32..231D},
      adsnote = {Provided by the SAO/NASA Astrophysics Data System}
}

@article{impact,
   title={A Monte Carlo template based analysis for air-Cherenkov arrays},
   volume={56},
   ISSN={0927-6505},
   journal={Astroparticle Physics},
   publisher={Elsevier BV},
   author={Parsons, R.D. and Hinton, J.A.},
   year={2014},
   month={4},
   pages={26â€“34}
}

@misc{hdf,
    author = {{The HDF Group}},
    title = "{Hierarchical Data Format, version 5}",
    year = {1997},
    note = {http://www.hdfgroup.org/HDF5/}
}

@article{corsika,
    author = "Heck, D. and Knapp, J. and others",
    month = "2",
    journal="FZKA",
    reportNumber = "6019",
    title = "{CORSIKA: A Monte Carlo code to simulate extensive air showers}",
    year = "1998"
}
@inproceedings{checzorn,
title = "CHECâ€”A compact high energy camera for the Cherenkov Telescope Array",
journal = "Nuclear Instruments and Methods in Physics Research Section A: Accelerators, Spectrometers, Detectors and Associated Equipment",
volume = "936",
pages = "229 - 230",
year = "2019",
note = "Frontier Detectors for Frontier Physics: 14th Pisa Meeting on Advanced Detectors",
issn = "0168-9002",
url = "http://www.sciencedirect.com/science/article/pii/S0168900218312981",
author = "J. Zorn"}

@article{Fermi,
       author = {{Atwood}, W.~B. and others},
        title = "{The Large Area Telescope on the Fermi Gamma-Ray Space Telescope Mission}",
      journal = {ApJ},
     keywords = {cosmic rays, galaxies: active, Galaxy: general, gamma rays: observations, Sun: X-rays, gamma rays, telescopes, Astrophysics - Instrumentation and Methods for Astrophysics, Astrophysics - High Energy Astrophysical Phenomena},
         year = 2009,
        month = jun,
       volume = {697},
       number = {2},
        pages = {1071-1102},
       adsurl = {https://ui.adsabs.harvard.edu/abs/2009ApJ...697.1071A},
      adsnote = {Provided by the SAO/NASA Astrophysics Data System}
}
@ARTICLE{scipy,
       author = {{Virtanen}, Pauli and others},
        title = "{SciPy 1.0: Fundamental Algorithms for Scientific
                  Computing in Python}",
      journal = {Nature Methods},
      year = "2020",
      volume={17},
      pages={261--272},
      adsurl = {https://rdcu.be/b08Wh},
      doi = {https://doi.org/10.1038/s41592-019-0686-2},
}

@misc{tensorflow,
title={ {TensorFlow}: Large-Scale Machine Learning on Heterogeneous Systems},
howpublished={\url{https://www.tensorflow.org}},
author={
    Martin~Abadi and
    others},
  year={2015},
}

@article{supermagictime,
title = "Improving the performance of the single-dish Cherenkov telescope MAGIC through the use of signal timing",
journal = "Astroparticle Physics",
volume = "30",
number = "6",
pages = "293 - 305",
year = "2009",
issn = "0927-6505",
doi = "https://doi.org/10.1016/j.astropartphys.2008.10.003",
url = "http://www.sciencedirect.com/science/article/pii/S0927650508001497",
author = "E. Aliu and others",
keywords = "Gamma-ray astronomy, IACT, Cherenkov images, Timing analysis"}

@INPROCEEDINGS{magictime,
       author = {{Lombardi}, Saverio},
        title = "{Advanced stereoscopic gamma-ray shower analysis with the MAGIC telescopes}",
     keywords = {Astrophysics - Instrumentation and Methods for Astrophysics},
    booktitle = {International Cosmic Ray Conference},
         year = 2011,
       series = {International Cosmic Ray Conference},
       volume = {3},
        month = jan,
        pages = {266},
          doi = {10.7529/ICRC2011/V03/1150},
archivePrefix = {arXiv},
       eprint = {1109.6195},
 primaryClass = {astro-ph.IM},
       adsurl = {https://ui.adsabs.harvard.edu/abs/2011ICRC....3..266L},
      adsnote = {Provided by the SAO/NASA Astrophysics Data System}
}

@INPROCEEDINGS{hillasparams,
       author = {{Hillas}, A.~M.},
        title = "{Cerenkov Light Images of EAS Produced by Primary Gamma Rays and by Nuclei}",
     keywords = {Cerenkov Radiation, Cosmic Ray Showers, Galactic Nuclei, Gamma Rays, Point Sources, Angular Resolution, Azimuth, Focal Plane Devices, Galactic Radiation, Hadrons, Length, Monte Carlo Method, Pulsars, Simulation, Width, X Ray Binaries, Space Radiation, Cosmic Rays:Detectors, Detectors:Cosmic Rays},
    booktitle = {19th International Cosmic Ray Conference (ICRC19), Volume 3},
         year = 1985,
       series = {International Cosmic Ray Conference},
       volume = {3},
        month = aug,
        pages = {445},
       adsurl = {https://ui.adsabs.harvard.edu/abs/1985ICRC....3..445H},
      adsnote = {Provided by the SAO/NASA Astrophysics Data System}
}


@ARTICLE{tevreview,
       author = {{De Angelis}, A. and {Mallamaci}, M.},
        title = "{Gamma-ray astrophysics}",
      journal = {European Physical Journal Plus},
     keywords = {Astrophysics - High Energy Astrophysical Phenomena},
         year = 2018,
        month = aug,
       volume = {133},
       number = {8},
          eid = {324},
        pages = {324},
          doi = {10.1140/epjp/i2018-12181-0},
archivePrefix = {arXiv},
       eprint = {1805.05642},
 primaryClass = {astro-ph.HE},
       adsurl = {https://ui.adsabs.harvard.edu/abs/2018EPJP..133..324D},
      adsnote = {Provided by the SAO/NASA Astrophysics Data System}
}

@article{fawcett,
title = "An introduction to ROC analysis",
journal = "Pattern Recognition Letters",
volume = "27",
number = "8",
pages = "861 - 874",
year = "2006",
note = "ROC Analysis in Pattern Recognition",
issn = "0167-8655",
doi = "https://doi.org/10.1016/j.patrec.2005.10.010",
url = "http://www.sciencedirect.com/science/article/pii/S016786550500303X",
author = "Tom Fawcett",
keywords = "ROC analysis, Classifier evaluation, Evaluation metrics",
abstract = "Receiver operating characteristics (ROC) graphs are useful for organizing classifiers and visualizing their performance. ROC graphs are commonly used in medical decision making, and in recent years have been used increasingly in machine learning and data mining research. Although ROC graphs are apparently simple, there are some common misconceptions and pitfalls when using them in practice. The purpose of this article is to serve as an introduction to ROC graphs and as a guide for using them in research."
} 

@INPROCEEDINGS{jamietime,
       author = {{Holder}, J.},
        title = "{Exploiting VERITAS Timing Information}",
     keywords = {Astrophysics},
    booktitle = {29th International Cosmic Ray Conference (ICRC29), Volume 5},
         year = 2005,
       series = {International Cosmic Ray Conference},
       volume = {5},
        month = jan,
        pages = {383},
archivePrefix = {arXiv},
       eprint = {astro-ph/0507450},
 primaryClass = {astro-ph},
       adsurl = {https://ui.adsabs.harvard.edu/abs/2005ICRC....5..383H},
      adsnote = {Provided by the SAO/NASA Astrophysics Data System}
}

@misc{nieto2017exploring,
      title={Exploring deep learning as an event classification method for the Cherenkov Telescope Array}, 
      author={D. Nieto and A. Brill and B. Kim and T. B. Humensky},
      year={2017},
      eprint={1709.05889},
      archivePrefix={arXiv},
      primaryClass={astro-ph.IM}
}

@book{goodfellow2016deep,
  title={Deep Learning},
  author={Goodfellow, I. and Bengio, Y. and Courville, A.},
  isbn={9780262035613},
  lccn={2016022992},
  series={Adaptive Computation and Machine Learning series},
  url={https://books.google.co.uk/books?id=Np9SDQAAQBAJ},
  year={2016},
  publisher={MIT Press}
}

@inproceedings{jacquemont,
  TITLE = {{Single Imaging Atmospheric Cherenkov Telescope Full-Event Reconstruction with a Deep Multi-Task Learning Architecture}},
  AUTHOR = {Jacquemont, Mika{\"e}l and Vuillaume, Thomas and Beno{\^i}t, Alexandre and Maurin, Gilles and Lambert, Patrick},
  URL = {https://hal.archives-ouvertes.fr/hal-03043005},
  BOOKTITLE = {{Astronomical Data Analysis Software and Systems ADASS XXX}},
  ADDRESS = {Granada, Spain},
  YEAR = {2020},
  MONTH = Nov,
  PDF = {https://hal.archives-ouvertes.fr/hal-03043005/file/Single_Imaging_Atmospheric_Cherenkov_Telescope_full_event_reconstruction_with_a_deep_multi_task_learning_architecture_v3.pdf},
  HAL_ID = {hal-03043005},
  HAL_VERSION = {v1},
}

@article{findpeaks,
    author = {Du, Pan and Kibbe, Warren A. and Lin, Simon M.},
    title = "{Improved peak detection in mass spectrum by incorporating continuous wavelet transform-based pattern matching}",
    journal = {Bioinformatics},
    volume = {22},
    number = {17},
    pages = {2059-2065},
    year = {2006},
    month = {07},
    issn = {1367-4803},
    url = {https://doi.org/10.1093/bioinformatics/btl355},
}

@inproceedings{trigrate,
   title={Trigger and data rates expected for the CTA observatory},
   booktitle = {AIP Conference Proceedings},
   url={http://dx.doi.org/10.1063/1.4772376},
   publisher={AIP},
   author={{M.P. Arribas et al. for the CTA Consortium}},
   year={2012}
}

@misc{gal2015,
    title={Bayesian Convolutional Neural Networks with Bernoulli Approximate Variational Inference},
    author={Yarin Gal and Zoubin Ghahramani},
    year={2015},
    eprint={1506.02158},
    archivePrefix={arXiv},
    primaryClass={stat.ML}
}

@inproceedings{thomas,
author={Mikael Jacquemont and others},
title={Indexed Operations for Non-rectangular Lattices Applied to Convolutional Neural Networks},
booktitle={Proceedings of the 14th International Joint Conference on Computer Vision, Imaging and Computer Graphics Theory and Applications - Volume 5 VISAPP: VISAPP,},
year={2019},
pages={362-371},
publisher={SciTePress},
organization={INSTICC},
doi={10.5220/0007364303620371},
isbn={978-989-758-354-4},
}



@misc{ErdmannAuger,
    title={Generating and refining particle detector simulations using the Wasserstein distance in adversarial networks},
    author={Martin Erdmann and others},
    year={2018},
    eprint={1802.03325},
    archivePrefix={arXiv},
    primaryClass={astro-ph.IM}
}
@article{pksflare,
   title={An Exceptional Very High Energy Gamma-Ray Flare of PKS 2155-304},
   volume={664},
   ISSN={1538-4357},
   url={http://dx.doi.org/10.1086/520635},
   number={2},
   journal={The Astrophysical Journal},
   publisher={IOP Publishing},
   author={Aharonian, F. and others},
   year={2007},
   month={Jul},
   pages={L71â€“L74}
}

@article{ariconf,
   title={Investigating a Deep Learning Method to Analyze Images from Multiple Gamma-ray Telescopes},
   ISBN={9781728152356},
   url={http://dx.doi.org/10.1109/NYSDS.2019.8909697},
   DOI={10.1109/nysds.2019.8909697},
   journal={2019 New York Scientific Data Summit (NYSDS)},
   publisher={IEEE},
   author={Brill, Aryeh and Feng, Qi and Humensky, T. Brian and Kim, Bryan and Nieto, Daniel and Miener, Tjark},
   year={2019},
   month={6}
}

@article{salvatore,
   title={Extracting gamma-ray information from images with convolutional neural network methods on simulated Cherenkov Telescope Array data},
   ISBN={9783319999784},
   ISSN={1611-3349},
   url={http://dx.doi.org/10.1007/978-3-319-99978-4},
   DOI={10.1007/978-3-319-99978-4},
   journal={Artificial Neural Networks in Pattern Recognition, Lecture Notes in Computer Science},
   publisher={Springer International Publishing},
   author={Mangano, S. and others},
   year={2018}
}


@misc{hesspulsar,
    title={Detection of sub-100 GeV gamma-ray pulsations from PSR B1706-44 with H.E.S.S},
    author={Marion Spir-Jacob and others},
    year={2019},
    eprint={1908.06464},
    archivePrefix={arXiv},
    primaryClass={astro-ph.HE}
}
@article{dcnn,
author = {Rawat, Waseem and Wang, Zenghui},
title = {Deep Convolutional Neural Networks for Image Classification: A Comprehensive Review},
journal = {Neural Computation},
volume = {29},
number = {9},
pages = {2352-2449},
year = {2017}
    
}




@article{hh,
       author = {{Hinton}, J.~A. and {Hofmann}, W.},
        title = "{Teraelectronvolt Astronomy}",
     keywords = {Astrophysics - High Energy Astrophysical Phenomena, Astrophysics - Cosmology and Extragalactic Astrophysics, Astrophysics - Galaxy Astrophysics, Astrophysics - Instrumentation and Methods for Astrophysics},
        journal="Ann.Rev.Astron.Astrophys.",
         year = "2009",
        month = "Sep",
       volume = {47},
       number = {1},
        pages = {523-565},
       adsurl = {https://ui.adsabs.harvard.edu/abs/2009ARA\&A..47..523H},
      adsnote = {Provided by the SAO/NASA Astrophysics Data System}
}
@article{Sitarek1i,
   title={Estimation of the height of the first interaction in gamma-ray showers observed by Cherenkov telescopes},
   volume={103},
   ISSN={0927-6505},
   journal={Astroparticle Physics},
   publisher={Elsevier BV},
   author={Sitarek, Julian and others},
   year={2018},
   month={12},
   pages={108â€“114}
}

@inproceedings{hyperopt,
 author = {Bergstra, J. and Yamins, D. and Cox, D. D.},
 title = {Making a Science of Model Search: Hyperparameter Optimization in Hundreds of Dimensions for Vision Architectures},
 booktitle = {Proceedings of the 30th International Conference on International Conference on Machine Learning - Volume 28},
 series = {ICML'13},
 year = {2013},
 location = {Atlanta, GA, USA},
 pages = {I-115--I-123},
 url = {http://dl.acm.org/citation.cfm?id=3042817.3042832},
 acmid = {3042832},
 publisher = {JMLR.org},
} 

@ARTICLE{LiMa,
       author = {{Li}, T. -P. and {Ma}, Y. -Q.},
        title = "{Analysis methods for results in gamma-ray astronomy.}",
      journal = {apj},
     keywords = {Gamma Ray Astronomy, Statistical Analysis, Confidence Limits, Maximum Likelihood Estimates, Monte Carlo Method, Astronomy},
         year = 1983,
        month = sep,
       volume = {272},
        pages = {317-324},
          doi = {10.1086/161295},
       adsurl = {https://ui.adsabs.harvard.edu/abs/1983ApJ...272..317L},
      adsnote = {Provided by the SAO/NASA Astrophysics Data System}
}

@InProceedings{factfpga,
author="Buschj{\"a}ger, Sebastian
and Pfahler, Lukas
and Buss, Jens
and Morik, Katharina
and Rhode, Wolfgang",
editor="Dong, Yuxiao
and Mladeni{\'{c}}, Dunja
and Saunders, Craig",
title="On-Site Gamma-Hadron Separation with Deep Learning on FPGAs",
booktitle="Machine Learning and Knowledge Discovery in Databases: Applied Data Science Track",
year="2021",
publisher="Springer International Publishing",
address="Cham",
pages="478--493",
abstract="Modern high-energy astroparticle experiments produce large amounts of data everyday in continuous high-volume streams. The First G-APD Cherenkov Telescope (FACT) aims at detecting particle showers of gamma rays, because cosmic events can be derived from the energy and angle of gamma rays. The separation of gamma rays from background noise, which is inevitably recorded, is called the Gamma-Hadron separation problem. Current solutions heavily rely on hand-crafted features. The current approach computes these features in a long data processing pipeline and trains a random forest classifier for the Gamma-Hadron separation. The overall machine learning pipeline is executed on commodity computer hardware after an event has occurred. In this paper, we propose an alternative approach which applies (Binary) Convolutional Neural Networks (B-CNN) directly to the raw feature stream of the telescope's camera. We investigate if these models can be executed on commodity hardware available at the telescope to handle its datastream in real time. For fully Binary Neural Networks we also study the use of FPGAs for inference. Our experiments show that this approach outperforms hand-crafted features and random forests by a large margin, while still being applicable in real-time for moderate sized models. Furthermore, we show that our approach does not only work well on simulated data, but also on real cosmic events originating in the Crab Nebula, a supernova remnant.",
isbn="978-3-030-67667-4"
}


@ARTICLE{ParsonsOhm,
       author = {{Parsons}, R.~D. and {Ohm}, S.},
        title = "{Background rejection in atmospheric Cherenkov telescopes using recurrent convolutional neural networks}",
      journal = {European Physical Journal C},
     keywords = {Astrophysics - Instrumentation and Methods for Astrophysics, Astrophysics - High Energy Astrophysical Phenomena},
         year = 2020,
        month = may,
       volume = {80},
       number = {5},
          eid = {363},
        pages = {363},
          doi = {10.1140/epjc/s10052-020-7953-3},
archivePrefix = {arXiv},
       eprint = {1910.09435},
 primaryClass = {astro-ph.IM},
       adsurl = {https://ui.adsabs.harvard.edu/abs/2020EPJC...80..363P},
      adsnote = {Provided by the SAO/NASA Astrophysics Data System}
}
@misc{bayesconv,
      title={Deep Predictive Models for Collision Risk Assessment in Autonomous Driving}, 
      author={Mark Strickland and Georgios Fainekos and Heni Ben Amor},
      year={2018},
      eprint={1711.10453},
      archivePrefix={arXiv},
      primaryClass={cs.RO}
}
@misc{indconv,
  author       = {mikael10j and
                  Thomas Vuillaume},
  title        = {IndexedConv/IndexedConv: Less memory consumption},
  month        = jan,
  year         = 2019,
  publisher    = {Zenodo},
  version      = {v1.1},
  url          = {https://doi.org/10.5281/zenodo.2542664}
}
@inproceedings{hess1u,
   title={Hardware and software architecture of the upgraded H.E.S.S. cameras},
   url={http://dx.doi.org/10.22323/1.301.0834},
   booktitle={Proceedings of 35th International Cosmic Ray Conference â€” PoS(ICRC2017)},
   publisher={Sissa Medialab},
   author={Klepser, Stefan and others},
   year={2017},
   month={8}
}
@inproceedings{ctapipe,
   author = {{Kosack}, K. and {Peresano}, M.},
    title = "{ctapipe: A Low-level Data Processing Framework for CTA}",
booktitle = {36th International Cosmic Ray Conference (ICRC2019)},
     year = {2019},
   series = {International Cosmic Ray Conference},
   volume = 36,
    month = jul,
      eid = {717},
    pages = {717},
   adsurl = {https://ui.adsabs.harvard.edu/abs/2019ICRC...36..717K},
  adsnote = {Provided by the SAO/NASA Astrophysics Data System}
}

@misc{cycada,
    title={CyCADA: Cycle-Consistent Adversarial Domain Adaptation},
    author={Judy Hoffman and others},
    year={2017},
    eprint={1711.03213},
    archivePrefix={arXiv},
    primaryClass={cs.CV}
}
@article{fb,
   title={Exploring the Limits of Weakly Supervised Pretraining},
   ISBN={9783030012168},
   ISSN={1611-3349},
   url={http://dx.doi.org/10.1007/978-3-030-01216-8_12},
   journal={Lecture Notes in Computer Science},
   publisher={Springer International Publishing},
   author={Mahajan, Dhruv and others},
   year={2018},
   pages={185â€“201}
}

@article{reweight,
    title = "VHE Gamma-Ray Observation of the Crab Nebula and its Pulsar with the MAGIC telescope",
	year = {2008},
	month = {feb},
	publisher = {{IOP} Publishing},
	volume = {674},
	number = {2},
	pages = {1037--1055},
	author = {J. Albert and others},
	journal = {The Astrophysical Journal}
}

@article{luisa,
    year = {2014},
	month = {6},
	publisher = {{IOP} Publishing},
	volume = {513},
	number = {3},
	pages = {032003},
	author = {L Arrabito and others},
	title = {{DIRAC} framework evaluation for {the Fermi}-{LAT} and {CTA} experiments},
	journal = {Journal of Physics: Conference Series}
}
@ARTICLE{velagrb,
       author = {{Klebesadel}, Ray W. and {Strong}, Ian B. and {Olson}, Roy A.},
        title = "{Observations of Gamma-Ray Bursts of Cosmic Origin}",
      journal = {apjl},
         year = 1973,
        month = 6,
       volume = {182},
        pages = {L85},
          doi = {10.1086/181225},
       adsurl = {https://ui.adsabs.harvard.edu/abs/1973ApJ...182L..85K},
      adsnote = {Provided by the SAO/NASA Astrophysics Data System}
}

@article{hawc,
   title={Sensitivity of the high altitude water Cherenkov detector to sources of multi-TeV gamma rays},
   volume={50-52},
   ISSN={0927-6505},
   url={http://dx.doi.org/10.1016/j.astropartphys.2013.08.002},
   DOI={10.1016/j.astropartphys.2013.08.002},
   journal={Astroparticle Physics},
   publisher={Elsevier BV},
   author={Abeysekara, A.U. and others},
   year={2013},
   month={12},
   pages={26â€“32}
}

@phdthesis{paulathesis,
   author = {{Chadwick}, P.~M.},
    title = "{Very high energy cosmic gamma rays from radio and X-ray pulsars}",
 keywords = {Equipment Specifications, Gamma Ray Astronomy, Pulsars, Telescopes, Binary Stars, Cerenkov Radiation, Gamma Rays},
   school = {Durham Univ.~(England).},
     year = {1987},
   adsurl = {https://ui.adsabs.harvard.edu/abs/1987PhDT.........9C},
  adsnote = {Provided by the SAO/NASA Astrophysics Data System}
}
@article{magicmoon,
   title={Performance of the MAGIC telescopes under moonlight},
   volume={94},
   ISSN={0927-6505},
   url={http://dx.doi.org/10.1016/j.astropartphys.2017.08.001},
   DOI={10.1016/j.astropartphys.2017.08.001},
   journal={Astroparticle Physics},
   publisher={Elsevier BV},
   author={Ahnen, M.L. and Ansoldi, S. and Antonelli, L.A. and Arcaro, C. and BabiÄ‡, A. and Banerjee, B. and Bangale, P. and Barres de Almeida, U. and Barrio, J.A. and Becerra GonzÃ¡lez, J. and et al.},
   year={2017},
   month={9},
   pages={29â€“41}
}

@article{starfish,
  title={Particle and field measurements of the Starfish diamagnetic cavity},
  author={Dyal, Palmer},
  journal={Journal of Geophysical Research: Space Physics},
  volume={111},
  number={A12},
  year={2006},
  publisher={Wiley Online Library}
}
@article{scikit,
 title={Scikit-learn: Machine Learning in {P}ython},
 author={Pedregosa, F. and others},
 journal={Journal of Machine Learning Research},
 volume={12},
 pages={2825--2830},
 year={2011}
}

@misc{icecubegraph,
    title={Graph Neural Networks for IceCube Signal Classification},
    author={Nicholas Choma and Federico Monti and Lisa Gerhardt and Tomasz Palczewski and Zahra Ronaghi and Prabhat and Wahid Bhimji and Michael M. Bronstein and Spencer R. Klein and Joan Bruna},
    year={2018},
    eprint={1809.06166},
    archivePrefix={arXiv},
    primaryClass={cs.LG}
}

@misc{chebnet,
    title={Convolutional Neural Networks on Graphs with Fast Localized Spectral Filtering},
    author={Michael Defferrard and Xavier Bresson and Pierre Vandergheynst},
    year={2016},
    eprint={1606.09375},
    archivePrefix={arXiv},
    primaryClass={cs.LG}
}

@ARTICLE{deepexplain,
       author = {{Ancona}, Marco and {Ceolini}, Enea and {Oztireli}, Cengiz and
         {Gross}, Markus},
        title = "{Towards better understanding of gradient-based attribution methods for Deep Neural Networks}",
      journal = {arXiv e-prints},
     keywords = {Computer Science - Machine Learning, Statistics - Machine Learning},
         year = 2017,
        month = nov,
          eid = {arXiv:1711.06104},
        pages = {},
archivePrefix = {arXiv},
       eprint = {1711.06104},
 primaryClass = {cs.LG},
       adsurl = {https://ui.adsabs.harvard.edu/abs/2017arXiv171106104A}
}

@article{tarekCTA,
title = "Monte Carlo performance studies for the site selection of the Cherenkov Telescope Array",
journal = "Astroparticle Physics",
volume = "93",
pages = "76 - 85",
year = "2017",
issn = "0927-6505",
doi = "https://doi.org/10.1016/j.astropartphys.2017.05.001",
url = "http://www.sciencedirect.com/science/article/pii/S0927650517300087",
author = "T. Hassan and L. Arrabito and K. Bernlohr and J. Bregeon and J. Cortina and P. Cumani and F. {Di Pierro} and D. Falceta-Goncalves and R.G. Lang and J. Hinton and T. Jogler and G. Maier and A. Moralejo and A. Morselli and C.J. {Todero Peixoto} and M. Wood"
}
@inproceedings{gloryduck,
      title={Combined Dark Matter searches towards dwarf spheroidal galaxies with Fermi-LAT, HAWC, HESS, MAGIC and VERITAS}, 
      author={Louise Oakes and Celine Armand and Eric Charles and Mattia di Mauro and Chiara Giuri and J. Patrick Harding and Daniel Kerszberg and Tjark Miener and Emmanuel Moulin and Vincent Poireau and Elisa Pueschel and Javier Rico and Lucia Rinchiuso and Daniel Salazar-Gallegos and Kirsen Tollefson and Benjamin Zitzer},
      year={2019},
      eprint={1909.06310},
      archivePrefix={arXiv},
      primaryClass={astro-ph.HE}
}
@misc{gernotCTA,
    title={Performance of the Cherenkov Telescope Array},
    author={G. Maier and L. Arrabito and K. Bernlohr and J. Bregeon and P. Cumani and T. Hassan and A. Moralejo},
    year={2017},
    eprint={1709.01381},
    archivePrefix={arXiv},
    primaryClass={astro-ph.IM}
}
@inproceedings{prod3b,
       author = {{Maier}, G.},
        title = "{Performance of the Cherenkov Telescope Array}",
     keywords = {Astrophysics - Instrumentation and Methods for Astrophysics},
    booktitle = {36th International Cosmic Ray Conference (ICRC2019)},
         year = {2019},
       series = {International Cosmic Ray Conference},
       volume = {36},
        month = {7},
          eid = {733},
        pages = {733},
       adsurl = {https://ui.adsabs.harvard.edu/abs/2019ICRC...36..733M},
      adsnote = {Provided by the SAO/NASA Astrophysics Data System}
}

@inproceedings{gct,
author = {O. Le Blanc and others},
title = {{Final characterisation and design of the Gamma-ray Cherenkov Telescope (GCT) for the Cherenkov Telescope Array}},
volume = {10700},
booktitle = {Ground-based and Airborne Telescopes VII},
editor = {Heather K. Marshall and Jason Spyromilio},
organization = {International Society for Optics and Photonics},
publisher = {SPIE},
pages = {299 -- 318},
keywords = {Imaging Atmospheric Cherenkov Telescopes, CTA, GCT, Schwarzschild-Couder telescope, Telescope Control System, Aspherical mirrors, SiPM detector, Full-waveform read-out},
year = {2018},
URL = {https://doi.org/10.1117/12.2313158}
}

@article{fact,
       author = {{Bretz}, T. and others},
        title = "{FACT - The First G-APD Cherenkov Telescope: Status and Results}",
      journal = {arXiv e-prints},
     keywords = {Astrophysics - Instrumentation and Methods for Astrophysics, Physics - Instrumentation and Detectors},
         year = "2013",
        month = "8",
        url =   {https://arxiv.org/abs/1308.1512},
      adsnote = {Provided by the SAO/NASA Astrophysics Data System}
}


@article{aug1,
       author = {{Erdmann}, M. and {Glombitza}, J. and {Walz}, D.},
        title = "{A deep learning-based reconstruction of cosmic ray-induced air showers}",
      journal = {Astroparticle Physics},
     keywords = {Cosmic rays, UHECR, Air showers, Deep learning, Astrophysics - Instrumentation and Methods for Astrophysics, Astrophysics - High Energy Astrophysical Phenomena},
         year = {2018},
        month = Jan,
       volume = {97},
        pages = {46-53},
       adsurl = {https://ui.adsabs.harvard.edu/\#abs/2018APh....97...46E},
      adsnote = {Provided by the SAO/NASA Astrophysics Data System}
}

@article{adadelta,
  author    = {Matthew D. Zeiler},
  title     = {{ADADELTA:} An Adaptive Learning Rate Method},
  journal   = {CoRR},
  volume    = {abs/1212.5701},
  year      = {2012},
  url       = {http://arxiv.org/abs/1212.5701},
  bibsource = {dblp computer science bibliography, https://dblp.org}
}

@article{magiccrab,
       author = {Aleksi{\'c}, J. and others },
        title = "{The major upgrade of the MAGIC telescopes, Part II: A performance study using observations of the Crab Nebula}",
      journal = {Astroparticle Physics},
     keywords = {Gamma-ray astronomy, Cherenkov telescopes, Crab Nebula, Astrophysics - Instrumentation and Methods for Astrophysics},
         year = "2016",
        month = "1",
       volume = {72},
        pages = {76-94},
       adsurl = {https://ui.adsabs.harvard.edu/abs/2016APh....72...76A},
}

@article{tunka,
       author = {{Shipilov}, D. and others},
        title = "{Signal recognition and background suppression by matched filters and neural networks for Tunka-Rex}",
      journal = {arXiv e-prints},
     keywords = {Astrophysics - Instrumentation and Methods for Astrophysics, Computer Science - Machine Learning, Electrical Engineering and Systems Science - Signal Processing},
         year = {2018},
        month = Dec,
          url = { https://doi.org/10.1051/epjconf/201921602003},
      adsnote = {Provided by the SAO/NASA Astrophysics Data System}
}


@article{icecube1,
      author         = "Huennefeld, Mirco",
      title          = "{Deep Learning in Physics exemplified by the
                        Reconstruction of Muon-Neutrino Events in IceCube}",
      booktitle      = "{The Fluorescence detector Array of Single-pixel
                        Telescopes: Contributions to the 35th International Cosmic
                        Ray Conference (ICRC 2017)}",
      collaboration  = "IceCube",
      journal        = "PoS",
      volume         = "ICRC2017",
      year           = {2018},
      pages          = "1057",
      SLACcitation   = "%%CITATION = POSCI,ICRC2017,1057;%%"
} 

@inproceedings{jamieveritas,
       author = {{Holder}, Jamie},
        title = "{VERITAS: Status and Highlights}",
     keywords = {Astrophysics - High Energy Astrophysical Phenomena, Astrophysics - Instrumentation and Methods for Astrophysics},
    booktitle = {International Cosmic Ray Conference},
         year = "2011",
       series = {International Cosmic Ray Conference},
       volume = {11},
        month = "1",
        pages = {137},
          url = {https://ui.adsabs.harvard.edu/abs/2011ICRC...12..137H},
      adsnote = {Provided by the SAO/NASA Astrophysics Data System}
}

@article{shi,
  author    = {Xingjian Shi and others},
  title     = {Convolutional {LSTM} Network: {A} Machine Learning Approach for Precipitation
               Nowcasting},
  journal   = {CoRR},
  volume    = {abs/1506.04214},
  year      = {2015},
  url       = {http://arxiv.org/abs/1506.04214},

}

@book{scienceCTA,
   author={B. Acharya and others},
   title={Science with the Cherenkov Telescope Array},
   ISBN={9789813270091},
   url={http://dx.doi.org/10.1142/10986},
   DOI={10.1142/10986},
   publisher={WORLD SCIENTIFIC},
   year={2018},
   month={2}
}

@article{hesscrab,
	author = "Aharonian, F. and others",
	title = "{Observations of the Crab nebula with HESS}",
	journal = {Astronomy and Astrophysics},
	year = {2006},
	volume = {457},
	number = {3},
	pages = {899-915}
}
@article{darshgan,
    author = "Montefalcone, Gabriele and Abitbol, Maximilian H. and Kodwani, Darsh and Grumitt, R. D. P.",
    title = "{Inpainting CMB maps using Partial Convolutional Neural Networks}",
    eprint = "2011.01433",
    archivePrefix = "arXiv",
    primaryClass = "astro-ph.IM",
    doi = "10.1088/1475-7516/2021/03/055",
    journal = "JCAP",
    volume = "03",
    pages = "055",
    year = "2021"
}
@article{universal,
title = {Multilayer feedforward networks are universal approximators},
journal = {Neural Networks},
volume = {2},
number = {5},
pages = {359-366},
year = {1989},
issn = {0893-6080},
doi = {https://doi.org/10.1016/0893-6080(89)90020-8},
url = {https://www.sciencedirect.com/science/article/pii/0893608089900208},
author = {Kurt Hornik and Maxwell Stinchcombe and Halbert White},
keywords = {Feedforward networks, Universal approximation, Mapping networks, Network representation capability, Stone-Weierstrass Theorem, Squashing functions, Sigma-Pi networks, Back-propagation networks},
abstract = {This paper rigorously establishes that standard multilayer feedforward networks with as few as one hidden layer using arbitrary squashing functions are capable of approximating any Borel measurable function from one finite dimensional space to another to any desired degree of accuracy, provided sufficiently many hidden units are available. In this sense, multilayer feedforward networks are a class of universal approximators.}
}
@phdthesis{jasonthesis,
  title={Calibration and analysis of the GCT camera for the Cherenkov Telescope Array},
  author={Watson, Jason},
  year={2018},
  school={University of Oxford}
}
@ARTICLE{gzk,
       author = {{Greisen}, Kenneth},
        title = "{End to the Cosmic-Ray Spectrum?}",
      journal = {PRL},
         year = 1966,
        month = apr,
       volume = {16},
       number = {17},
        pages = {748-750},
          doi = {10.1103/PhysRevLett.16.748},
       adsurl = {https://ui.adsabs.harvard.edu/abs/1966PhRvL..16..748G},
      adsnote = {Provided by the SAO/NASA Astrophysics Data System}
}

@article{mangano,
   title={Artificial Neural Networks in Pattern Recognition},
   ISBN={9783319999784},
   ISSN={1611-3349},
   url={http://dx.doi.org/10.1007/978-3-319-99978-4},
   DOI={10.1007/978-3-319-99978-4},
   journal={Lecture Notes in Computer Science},
   publisher={Springer International Publishing},
   year={2018}
}

@article{pdg,
    author = "Zyla, P.A. and others",
    collaboration = "Particle Data Group",
    title = "{Review of Particle Physics}",
    doi = "10.1093/ptep/ptaa104",
    journal = "PTEP",
    volume = "2020",
    number = "8",
    pages = "083C01",
    year = "2020"
}
@phdthesis{kraus,
  title={Studies of the influence of the geomagnetic field on the
sensitivity of gamma-ray observatories},
  author={Krause, Maria},
  year={2011},
  school={Brandenburgische Technische Universitat Cottbus}
}
@misc{dl1dh ,
author = {Brill,A and others},
title = {dl1-data-handler},
year = {2018},
howpublished = {\url{https://github.com/cta-observatory/dl1-data-handler}}
}
@misc{rootnumpy ,
author = {Dawe,N and others},
title = {root\_numpy},
year = {2021},
howpublished = {\url{http://scikit-hep.org/root_numpy/}}
}

@misc{resnet50,
      title={Deep Residual Learning for Image Recognition}, 
      author={Kaiming He and Xiangyu Zhang and Shaoqing Ren and Jian Sun},
      year={2015},
      eprint={1512.03385},
      archivePrefix={arXiv},
      primaryClass={cs.CV}
}
@misc{adam,
      title={Adam: A Method for Stochastic Optimization}, 
      author={Diederik P. Kingma and Jimmy Ba},
      year={2017},
      eprint={1412.6980},
      archivePrefix={arXiv},
      primaryClass={cs.LG}
}

@article{vereff,
author = {Bouvier, Aurelien and Gilmore, Rudy and Connaughton, Valerie and Otte, Nepomuk and Primack, Joel and Williams, David},
year = {2011},
month = {09},
pages = {},
title = {Prospects of GRB observations for CTA from a phenomenological model},
volume = {8},
doi = {10.7529/ICRC2011/V08/0969}
}
@misc{neural,
    title={Neural Architecture Search: A Survey},
    author={Thomas Elsken and Jan Hendrik Metzen and Frank Hutter},
    year={2018},
    eprint={1808.05377},
    archivePrefix={arXiv},
    primaryClass={stat.ML}
}
@article{evodeep,
title = {EvoDeep: A new evolutionary approach for automatic Deep Neural Networks parametrisation},
journal = {Journal of Parallel and Distributed Computing},
volume = {117},
pages = {180-191},
year = {2018},
issn = {0743-7315},
doi = {https://doi.org/10.1016/j.jpdc.2017.09.006},
url = {https://www.sciencedirect.com/science/article/pii/S0743731517302605},
author = {Alejandro Martin and others},
keywords = {Deep Learning, Evolutionary Algorithms, Finite-State Machines, Automated parametrisation}}
}
@misc{autosklearn ,
author = {automl},
title = {auto-sklearn},
year = {2021},
howpublished = {\url{https://github.com/automl/auto-sklearn}}
}
@misc{rapids ,
author = {rapids.ai},
title = {RAPIDS},
year = {2021},
howpublished = {\url{https://github.com/rapidsai}}
}
@misc{kerasgan ,
author = {Lindernoren,E and others},
title = {Keras-GAN},
year = {2018},
howpublished = {\url{https://github.com/eriklindernoren/Keras-GAN}}
}

@misc{ctapipe2 ,
author = {Kosack,K and others},
DOI = {doi:10.5281/zenodo.3372210},
title = {ctapipe},
year = {2021},
howpublished = {\url{https://github.com/cta-observatory/ctapipe}}
}

@misc{Keras ,
author = {Chollet,F and others},
title = {Keras},
year = {2015},
howpublished = {\url{https://keras.io}}
}
@inproceedings{rws,
       author = {{Holler}, M. and others},
        title = "{Run-Wise Simulations for Imaging Atmospheric Cherenkov Telescope Arrays}",
     keywords = {Astrophysics - High Energy Astrophysical Phenomena, Astrophysics - Instrumentation and Methods for Astrophysics},
    booktitle = {35th International Cosmic Ray Conference (ICRC2017)},
         year = "2017",
       series = {International Cosmic Ray Conference},
       volume = {301},
        month = "1",
        pages = {755},
          url = {https://ui.adsabs.harvard.edu/abs/2017ICRC...35..755H},
      adsnote = {Provided by the SAO/NASA Astrophysics Data System}
}

@inproceedings{numba,
 author = {Lam, Siu Kwan and Pitrou, Antoine and Seibert, Stanley},
 title = {Numba: A LLVM-based Python JIT Compiler},
 booktitle = {Proceedings of the Second Workshop on the LLVM Compiler Infrastructure in HPC},
 series = {LLVM '15},
 year = {2015},
 isbn = {978-1-4503-4005-2},
 location = {Austin, Texas},
 pages = {7:1--7:6},
 articleno = {7},
 numpages = {6},
 url = {http://doi.acm.org/10.1145/2833157.2833162},
 publisher = {ACM},
 address = {New York, NY, USA},
 keywords = {LLVM, Python, compiler},
} 
@article{matplotlib,
  Author    = {Hunter, J. D.},
  Title     = {Matplotlib: A 2D graphics environment},
  Journal   = {Computing in Science \& Engineering},
  Volume    = {9},
  Number    = {3},
  Pages     = {90--95},
  abstract  = {Matplotlib is a 2D graphics package used for Python for
  application development, interactive scripting, and publication-quality
  image generation across user interfaces and operating systems.},
  publisher = {IEEE COMPUTER SOC},
  url       = {http://doi.acm.org/10.1109/MCSE.2007.55},
  year      = 2007
}
@article{checmpaper,
      author         = {Zorn, J and others},
      title          = "{Characterisation and testing of CHEC-M-A camera
                        prototype for the small-sized telescopes of the Cherenkov
                        telescope array}",
      journal        = {Nucl. Instrum. Meth.},
      volume         = {A904},
      year           = {2018},
      pages          = {44--63},
}
@article{erdmannwhite,
       author = {{Albertsson}, Kim and others},
        title = "{Machine Learning in High Energy Physics Community White Paper}",
      journal = {arXiv e-prints},
     keywords = {Physics - Computational Physics, Computer Science - Machine Learning, High Energy Physics - Experiment, Statistics - Machine Learning},
         year = "2018",
        month = "7",
archivePrefix = {arXiv},
       eprint = {1807.02876},
 primaryClass = {physics.comp-ph},
       adsurl = {https://ui.adsabs.harvard.edu/abs/2018arXiv180702876A},
      adsnote = {Provided by the SAO/NASA Astrophysics Data System}
}
@phdthesis{lypova,
  title={Investigation on gamma-electron air shower separation for CTA},
  author={Lypova, Iryna and Maier, Gernot}
}
@article{Benbow,
      author         = {Benbow, Wystan and others},
      title          = "{The H.E.S.S. Standard Analysis Technique}",
      journal        = {Proc. Conf. Towards a Network of Atmospheric Cherenkov Detectors VII},
      year           = {2005},
      pages          = {163--172},
}
@book{hanning,
author = {Oppenheim, Alan V. and Schafer, Ronald W. and Buck, John R.},
title = {Discrete-Time Signal Processing (2nd Ed.)},
year = {1999},
isbn = {0137549202},
publisher = {Prentice-Hall, Inc.},
address = {USA}
}

@article{Berge07,
   title={Background modelling in very-high-energy gamma-ray astronomy},
   volume={466},
   ISSN={1432-0746},
   url={http://dx.doi.org/10.1051/0004-6361:20066674},
   DOI={10.1051/0004-6361:20066674},
   number={3},
   journal={Astronomy and Astrophysics},
   publisher={EDP Sciences},
   author={Berge, D. and Funk, S. and Hinton, J.},
   year={2007},
   month={4},
   pages={1219â€“1229}
}


@article{imbalance,
   title={Classifying Radio Galaxies with the Convolutional Neural Network},
   volume={230},
   ISSN={1538-4365},
   url={http://dx.doi.org/10.3847/1538-4365/aa7333},
   DOI={10.3847/1538-4365/aa7333},
   number={2},
   journal={The Astrophysical Journal Supplement Series},
   publisher={American Astronomical Society},
   author={Aniyan, A. K. and Thorat, K.},
   year={2017},
   month={6},
   pages={20}
}

@article{hessbdt,
   title={Gamma/hadron separation in very-high-energy gamma-ray astronomy using a multivariate analysis method},
   volume={31},
   ISSN={0927-6505},
   number={5},
   journal={Astroparticle Physics},
   publisher={Elsevier BV},
   author={Ohm, S. and van Eldik, C. and Egberts, K.},
   year={2009},
   month={6},
   pages={383â€“391}
}

@article{Shilon,
   title={Application of deep learning methods to analysis of imaging atmospheric Cherenkov telescopes data},
   volume={105},
   ISSN={0927-6505},
   journal={Astroparticle Physics},
   publisher={Elsevier BV},
   author={Shilon, I. and others},
   year={2019},
   month={2},
   pages={44â€“53}
}


@phdthesis{tomthesis ,
author = {Armstrong,T},
title = "{Monte Carlo studies of the GCT for the Cherenkov Telescope Array and the search for VHE AGN using cluster analysis}",
school = {University of Durham},
year = {2016}
}

@misc{roganthesis ,
author = {Clark, R},
title = "{Categorising simulated very-high-energy events from the Cherenkov Telescope Array using Machine Learning}",
year = {2020},
howpublished= {University of Oxford Masters Thesis} 
}


@misc{adithesis ,
author = {Jacobson, A},
title = "{Exploratory Analysis of the Use of ChebNets for Event Classification with
the Cherenkov Telescope Array}",
year = {2021},
howpublished= {University of Oxford Masters Thesis} 
}


@inproceedings{samicrc,
       author = {{Spencer}, S.~T. and others},
        title = "{Prospects for the Use of Photosensor Timing Information with Machine Learning Techniques in Background Rejection.}",
     keywords = {Astrophysics - Instrumentation and Methods for Astrophysics},
    booktitle = {36th International Cosmic Ray Conference (ICRC2019)},
         year = {2019},
       series = {International Cosmic Ray Conference},
       volume = {36},
        month = {7},
        pages = {798},
       adsurl = {https://ui.adsabs.harvard.edu/abs/2019ICRC...36..798S},
      adsnote = {Provided by the SAO/NASA Astrophysics Data System}
}

@article{rwhite ,
author = {White,R and others},
title = "{A Compact High Energy Camera (CHEC) for the Gamma-ray Cherenkov Telescope of the Cherenkov Telescope Array}",
journal = {ICRC2017},
year = {2017},
}r

@ARTICLE{HEGRA,
       author = {{Aharonian}, F. and others},
        title = "{Evidence for TeV gamma ray emission from Cassiopeia A}",
      journal = {aap},
     keywords = {ISM: SUPERNOVA REMNANTS, ISM: INDIVIDUAL OBJECTS: CASSIOPEIA A, COSMIC RAYS, GAMMA RAYS: OBSERVATIONS, Astrophysics},
         year = "2001",
        month = "4",
       volume = {370},
        pages = {112-120},
          doi = {10.1051/0004-6361:20010243},
archivePrefix = {arXiv},
       eprint = {astro-ph/0102391},
 primaryClass = {astro-ph},
       adsurl = {https://ui.adsabs.harvard.edu/abs/2001A\&A...370..112A},
      adsnote = {Provided by the SAO/NASA Astrophysics Data System}
}

@article{tevhalo,
   title={Halo fraction in TeV-bright pulsar wind nebulae},
   volume={636},
   ISSN={1432-0746},
   url={http://dx.doi.org/10.1051/0004-6361/201936505},
   DOI={10.1051/0004-6361/201936505},
   journal={Astronomy and Astrophysics},
   publisher={EDP Sciences},
   author={Giacinti, G. and others},
   year={2020},
   month={4},
   pages={A113}
}
@INPROCEEDINGS{evdisp,
       author = {{Maier}, G. and {Holder}, J.},
        title = "{Eventdisplay: An Analysis and Reconstruction Package for Ground-based Gamma-ray Astronomy}",
     keywords = {Astrophysics - Instrumentation and Methods for Astrophysics, Astrophysics - High Energy Astrophysical Phenomena},
    booktitle = {35th International Cosmic Ray Conference (ICRC2017)},
         year = "2017",
       series = {International Cosmic Ray Conference},
       volume = {301},
        month = "1",
          eid = {747},
        pages = {747},
archivePrefix = {arXiv},
       eprint = {1708.04048},
 primaryClass = {astro-ph.IM},
       adsurl = {https://ui.adsabs.harvard.edu/abs/2017ICRC...35..747M},
      adsnote = {Provided by the SAO/NASA Astrophysics Data System}
}


@article{asgamma,
  title = {First Detection of Photons with Energy beyond 100 TeV from an Astrophysical Source},
  author = {Amenomori, M. and others},
  collaboration = {Tibet AS-Gamma Collaboration},
  journal = {Phys. Rev. Lett.},
  volume = {123},
  issue = {5},
  pages = {051101},
  numpages = {6},
  year = {2019},
  month = {7},
  publisher = {American Physical Society},
  doi = {10.1103/PhysRevLett.123.051101},
  url = {https://link.aps.org/doi/10.1103/PhysRevLett.123.051101}
}

@article{root,
title = "ROOT An object oriented data analysis framework",
journal = "Nuclear Instruments and Methods in Physics Research Section A: Accelerators, Spectrometers, Detectors and Associated Equipment",
volume = "389",
number = "1",
pages = "81 - 86",
year = "1997",
note = "New Computing Techniques in Physics Research V",
issn = "0168-9002",
doi = "https://doi.org/10.1016/S0168-9002(97)00048-X",
url = "http://www.sciencedirect.com/science/article/pii/S016890029700048X",
author = "Rene Brun and Fons Rademakers"
}
@misc{gpudivide,
      title={The De-democratization of AI: Deep Learning and the Compute Divide in Artificial Intelligence Research}, 
      author={Nur Ahmed and Muntasir Wahed},
      year={2020},
      eprint={2010.15581},
      archivePrefix={arXiv},
      primaryClass={cs.CY}
}
@article{feng2016,
   title={The analysis of VERITAS muon images using convolutional neural networks},
   volume={12},
   ISSN={1743-9221},
   url={http://dx.doi.org/10.1017/S1743921316012734},
   DOI={10.1017/s1743921316012734},
   number={S325},
   journal={Proceedings of the International Astronomical Union},
   publisher={Cambridge University Press (CUP)},
   author={Feng, Qi and Lin, Tony T. Y.},
   year={2016},
   month={10},
   pages={173â€“179}
}

@article{vercam,
author = {Nagai, R. and others},
year = {2007},
month = {10},
pages = {},
title = {Focal Plane Instrumentation of VERITAS}
}

@misc{ada,
  title = {Awesome Domain Adaptation},
  howpublished = {\url{https://github.com/zhaoxin94/awsome-domain-adaptation}},
  note = {Accessed: 2019-09-24}
}

@misc{veritastrigger,
      title={The VERITAS Trigger System}, 
      author={A. Weinstein},
      year={2007},
      eprint={0709.4438},
      archivePrefix={arXiv},
      primaryClass={astro-ph}
}

@article{whipple,
	doi = {10.1086/306005},
	url = {https://doi.org/10.1086/306005},
	year = 1998,
	month = {8},
	publisher = {American Astronomical Society},
	volume = {503},
	number = {2},
	pages = {744--759},
	author = {A. M. Hillas and C. W. Akerlof and S. D. Biller and J. H. Buckley and D. A. Carter-Lewis and M. Catanese and M. F. Cawley and D. J. Fegan and J. P. Finley and J. A. Gaidos and F. Krennrich and R. C. Lamb and M. J. Lang and G. Mohanty and M. Punch and P. T. Reynolds and A. J. Rodgers and H. J. Rose and A. C. Rovero and M. S. Schubnell and G. H. Sembroski and G. Vacanti and T. C. Weekes and M. West and J. Zweerink},
	title = {The Spectrum of {TeV} Gamma Rays from the Crab Nebula},
	journal = {The Astrophysical Journal}
}
@dataset{zencta,
  author       = {Cherenkov Telescope Array Observatory and
                  Cherenkov Telescope Array Consortium},
  title        = {{CTAO Instrument Response Functions - prod5 version 
                   v0.1}},
  month        = sep,
  year         = 2021,
  publisher    = {Zenodo},
  version      = {v0.1},
  doi          = {10.5281/zenodo.5499840},
  url          = {https://doi.org/10.5281/zenodo.5499840}
}
@article{factspec,
    author = "Temme, Fabian and others",
    title = "{FACT - First Energy Spectrum from a SiPM Cherenkov Telescope}",
    doi = "10.22323/1.236.0707",
    journal = "PoS",
    volume = "ICRC2015",
    pages = "707",
    year = "2016"
}
@misc{hyperas,
  title = {Hyperas},
  author = {Max Pumperla},
  howpublished = {\url{https://github.com/maxpumperla/hyperas}},
  note = {Accessed: 2021-05-12}
}
@misc{CARE,
  title = {CARE},
  author = {Nepomuk Otte and others},
  howpublished = {\url{http://otte.gatech.edu/care/}},
  note = {Accessed: 2021-09-03}
}
@misc{tdshyper,
  title = {A Conceptual Explanation of Bayesian Hyperparameter Optimization for Machine Learning},
  author = {Will Koehrsen
},
  howpublished = {\url{https://towardsdatascience.com/a-conceptual-explanation-of-bayesian-model-based-hyperparameter-optimization-for-machine-learning-b8172278050f}},
  note = {Accessed: 2021-05-24}
}
@misc{emergent,
  title = {Google research chief: 'Emergent artificial intelligence? Hogwash!'},
  author = {Jack Clark},
  howpublished = {\url{https://www.theregister.com/2013/05/17/google_ai_hogwash/}},
  note = {Accessed: 2021-10-20}
}

@misc{wilson,
      title={A Survey of Unsupervised Deep Domain Adaptation}, 
      author={Garrett Wilson and Diane J. Cook},
      year={2020},
      eprint={1812.02849},
      archivePrefix={arXiv},
      primaryClass={cs.LG}
}

@misc{newmlp,
  title = {Introduction to Multilayer Neural Networks with TensorFlow's Keras API - Learn how to build and train a multilayer perceptron using TensorFlow's high-level API Keras},
  author = {Tanaka Ryuu
},
  howpublished = {\url{https://morioh.com/p/b988929cd561}},
  note = {Accessed: 2021-09-28}
}
@misc{convlstmintro,
  title = {An introduction to ConvLSTM
},
  author = {Alexandre Xavier
},
  howpublished = {\url{https://medium.com/neuronio/an-introduction-to-convlstm-55c9025563a7}},
  note = {Accessed: 2021-06-28}
}
@ARTICLE{nsbref,
       author = {{Leinert}, Ch. and {Bowyer}, S. and {Haikala}, L.~K. and {Hanner}, M.~S. and {Hauser}, M.~G. and {Levasseur-Regourd}, A. -Ch. and {Mann}, I. and {Mattila}, K. and {Reach}, W.~T. and {Schlosser}, W. and {Staude}, H.~J. and {Toller}, G.~N. and {Weiland}, J.~L. and {Weinberg}, J.~L. and {Witt}, A.~N.},
        title = "{The 1997 reference of diffuse night sky brightness}",
      journal = {aaps},
     keywords = {DIFFUSE RADIATION, INTERPLANETARY  MEDIUM, ATMOSPHERIC EFFECTS, ASTRONOMICAL DATABASES: MISCELLANEOUS, INFRARED: GENERAL, ULTRAVIOLET: GENERAL},
         year = 1998,
        month = jan,
       volume = {127},
        pages = {1-99},
          doi = {10.1051/aas:1998105},
       adsurl = {https://ui.adsabs.harvard.edu/abs/1998A&AS..127....1L},
      adsnote = {Provided by the SAO/NASA Astrophysics Data System}
}
@article{maierknapp,
   title={Cosmic-ray events as background in imaging atmospheric Cherenkov telescopes},
   volume={28},
   ISSN={0927-6505},
   url={http://dx.doi.org/10.1016/j.astropartphys.2007.04.009},
   DOI={10.1016/j.astropartphys.2007.04.009},
   number={1},
   journal={Astroparticle Physics},
   publisher={Elsevier BV},
   author={Maier, G. and Knapp, J.},
   year={2007},
   month={9},
   pages={72â€“81}
}

@misc{earlystop,
  title = {Early Stopping in Practice: an example with Keras and TensorFlow 2.0},
  author = {B. Chen},
  howpublished = {\url{https://towardsdatascience.com/a-practical-introduction-to-early-stopping-in-machine-learning-550ac88bc8fd}},
  note = {Accessed: 2021-07-28}
}


@misc{gpucost,
  title = {Bad News: Graphics Card Prices Are Skyrocketing And There's No End In Sight},
  author = {Erik Kain},
  howpublished = {\url{https://www.forbes.com/sites/erikkain/2021/01/06/bad-news-graphics-card-prices-are-skyrocketing-and-theres-no-end-in-sight/?sh=169aff9e5594}},
  note = {Accessed: 2021-06-28}
}

@article{hadronmodel,
   title={Effect of the uncertainty in the hadronic interaction models on the estimation of the sensitivity of the Cherenkov telescope array},
   volume={48},
   ISSN={1361-6471},
   url={http://dx.doi.org/10.1088/1361-6471/abfce0},
   DOI={10.1088/1361-6471/abfce0},
   number={7},
   journal={Journal of Physics G: Nuclear and Particle Physics},
   publisher={IOP Publishing},
   author={Ohishi, Michiko and Arbeletche, Luan and de Souza, Vitor and Maier, Gernot and Bernlohr, Konrad and Olaizola, Abelardo Moralejo and Bregeon, Johan and Arrabito, Luisa and Yoshikoshi, Takanori},
   year={2021},
   month={6},
   pages={075201}
}

@misc{gpushort,
  title = {The great graphics card shortage of 2020 (and 2021)},
  author = {David Molloy
},
  howpublished = {\url{https://www.bbc.co.uk/news/technology-55755820}},
  note = {Accessed: 2021-06-28}
}
@misc{2080ti,
  title = {Nvidia 2080Ti User Guide},
  author = {NVidia
},
  howpublished = {\url{https://www.nvidia.com/content/geforce-gtx/GEFORCE_RTX_2080Ti_User_Guide.pdf}},
  note = {Accessed: 2021-06-28}
}

@INPROCEEDINGS{holler,
   author = {{Holler}, M. and others},
    title = "{Advanced search for the extension of unresolved TeV sources with H.E.S.S.}",
booktitle = {35th International Cosmic Ray Conference (ICRC2017)},
     year = 2017,
   series = {International Cosmic Ray Conference},
   volume = 35,
archivePrefix = "arXiv",
   eprint = {1707.04196},
 primaryClass = "astro-ph.HE",
    month = jan,
      eid = {676},
    pages = {676},
   adsurl = {https://ui.adsabs.harvard.edu/abs/2017ICRC...35..676H},
  adsnote = {Provided by the SAO/NASA Astrophysics Data System}
}

@inproceedings{bergestra,
author = {Bergstra, J. and Yamins, D. and Cox, D. D.},
title = {Making a Science of Model Search: Hyperparameter Optimization in Hundreds of Dimensions for Vision Architectures},
year = {2013},
publisher = {JMLR.org},
abstract = {Many computer vision algorithms depend on configuration settings that are typically hand-tuned in the course of evaluating the algorithm for a particular data set. While such parameter tuning is often presented as being incidental to the algorithm, correctly setting these parameter choices is frequently critical to realizing a method's full potential. Compounding matters, these parameters often must be re-tuned when the algorithm is applied to a new problem domain, and the tuning process itself often depends on personal experience and intuition in ways that are hard to quantify or describe. Since the performance of a given technique depends on both the fundamental quality of the algorithm and the details of its tuning, it is sometimes difficult to know whether a given technique is genuinely better, or simply better tuned.In this work, we propose a meta-modeling approach to support automated hyperparameter optimization, with the goal of providing practical tools that replace hand-tuning with a reproducible and unbiased optimization process. Our approach is to expose the underlying expression graph of how a performance metric (e.g. classification accuracy on validation examples) is computed from hyperparameters that govern not only how individual processing steps are applied, but even which processing steps are included. A hyperparameter optimization algorithm transforms this graph into a program for optimizing that performance metric. Our approach yields state of the art results on three disparate computer vision problems: a face-matching verification task (LFW), a face identification task (PubFig83) and an object recognition task (CIFAR-10), using a single broad class of feed-forward vision architectures.},
booktitle = {Proceedings of the 30th International Conference on International Conference on Machine Learning - Volume 28},
pages = {Iâ€“115â€“Iâ€“123},
location = {Atlanta, GA, USA},
series = {ICML'13}
}


@article{gaiadr1b,
       author = {Gaia Collaboration},
        title = "{Gaia Data Release 1. Summary of the astrometric, photometric, and survey properties}",
      journal = {aap},
         year = 2016,
        month = nov,
       volume = {595},
          eid = {A2},
        pages = {A2},
          doi = {10.1051/0004-6361/201629512},
archivePrefix = {arXiv},
       eprint = {1609.04172},
 primaryClass = {astro-ph.IM},
       adsurl = {https://ui.adsabs.harvard.edu/abs/2016A\&A...595A...2G},
      adsnote = {Provided by the SAO/NASA Astrophysics Data System}
}
@article{lstnsb,
   title={Silicon photomultipliers in Very High Energy gamma-ray astrophysics},
   volume={15},
   ISSN={1748-0221},
   url={http://dx.doi.org/10.1088/1748-0221/15/05/C05039},
   DOI={10.1088/1748-0221/15/05/c05039},
   number={05},
   journal={Journal of Instrumentation},
   publisher={IOP Publishing},
   author={Guberman, D. and Paoletti, R.},
   year={2020},
   month={5},
   pages={C05039â€“C05039}
}

@article{simtel,
   title={Simulation of imaging atmospheric Cherenkov telescopes with CORSIKA and sim\_telarray},
   volume={30},
   ISSN={0927-6505},
   url={http://dx.doi.org/10.1016/j.astropartphys.2008.07.009},
   DOI={10.1016/j.astropartphys.2008.07.009},
   number={3},
   journal={Astroparticle Physics},
   publisher={Elsevier BV},
   author={Bernlohr, Konrad},
   year={2008},
   month={10},
   pages={149â€“158}
}

@misc{vizier,
author = {Ochsenbein F. et. al},
title = "{The VizieR database of astronomical catalogues}",
doi = {10.26093/cds/vizier}}

@misc{1mcalib,
      title={Calibration and operation of SiPM-based cameras for gamma-ray astronomy in presence of high night-sky light}, 
      author={Imen Al Samarai and others},
      year={2019},
      eprint={1908.06860},
      archivePrefix={arXiv},
      primaryClass={astro-ph.IM}
}
@article{heitler,
    author = "Matthews, J.",
    title = "{A Heitler model of extensive air showers}",
    doi = "10.1016/j.astropartphys.2004.09.003",
    journal = "Astropart. Phys.",
    volume = "22",
    pages = "387--397",
    year = "2005"
}
@article{rxjcta,
   title={Prospects for Cherenkov Telescope Array Observations of the Young Supernova Remnant RX J1713.7-3946},
   volume={840},
   ISSN={1538-4357},
   url={http://dx.doi.org/10.3847/1538-4357/aa6d67},
   DOI={10.3847/1538-4357/aa6d67},
   number={2},
   journal={The Astrophysical Journal},
   publisher={American Astronomical Society},
   author={Acero, F. and Aloisio, R. and Amans, J. and Amato, E. and Antonelli, L. A. and Aramo, C. and Armstrong, T. and Arqueros, F. and Asano, K. and Ashley, M. and et al.},
   year={2017},
   month={5},
   pages={74}
}

@article{extragamma,
   title={The Origin of the Extragalactic Gamma-Ray Background and Implications For Dark Matter Annihilation},
   volume={800},
   ISSN={2041-8213},
   url={http://dx.doi.org/10.1088/2041-8205/800/2/L27},
   DOI={10.1088/2041-8205/800/2/l27},
   number={2},
   journal={The Astrophysical Journal},
   publisher={American Astronomical Society},
   author={Ajello, M. and Gasparrini, D. and Sanchez-Conde, M. and Zaharijas, G. and Gustafsson, M. and Cohen-Tanugi, J. and Dermer, C. D. and Inoue, Y. and Hartmann, D. and Ackermann, M. and et al.},
   year={2015},
   month={2},
   pages={L27}
}
@misc{gauglasers,
      title={Impact of E-ELT laser light on Cherenkov Telescope Array cameras}, 
      author={Markus Gaug and Michele Doro},
      year={2013},
      eprint={1307.3056},
      archivePrefix={arXiv},
      primaryClass={astro-ph.IM}
}
@INPROCEEDINGS{cpmines,
       author = {{Beckers}, Jacques M.},
        title = "{Estimating the effects of nitrate mining activities on the astronomical site quality of the Cerro Paranal Observatory}",
    booktitle = {Advanced Technology Optical Telescopes V},
         year = 1994,
       editor = {{Stepp}, Larry M.},
       series = {Society of Photo-Optical Instrumentation Engineers (SPIE) Conference Series},
       volume = {2199},
        month = jun,
        pages = {817-823},
          doi = {10.1117/12.176253},
       adsurl = {https://ui.adsabs.harvard.edu/abs/1994SPIE.2199..817B},
      adsnote = {Provided by the SAO/NASA Astrophysics Data System}
}


@article{hessebl,
   title={A low level of extragalactic background light as revealed by gamma-rays from blazars},
   volume={440},
   ISSN={1476-4687},
   url={http://dx.doi.org/10.1038/nature04680},
   DOI={10.1038/nature04680},
   number={7087},
   journal={Nature},
   publisher={Springer Science and Business Media LLC},
   author={Aharonian, F. and Akhperjanian, A. G. and Bazer-Bachi, A. R. and Beilicke, M. and Benbow, W. and Berge, D. and Bernlohr, K. and Boisson, C. and Bolz, O. and Borrel, V. and et al.},
   year={2006},
   month={Apr},
   pages={1018-1021}
}

@article{hessdiffuse,
   title={Diffuse Galactic gamma-ray emission with H.E.S.S.},
   volume={90},
   ISSN={1550-2368},
   url={http://dx.doi.org/10.1103/PhysRevD.90.122007},
   DOI={10.1103/physrevd.90.122007},
   number={12},
   journal={Physical Review D},
   publisher={American Physical Society (APS)},
   author={Abramowski, A. and Aharonian, F. and Ait Benkhali, F. and Akhperjanian, A.G. and AngÃ¼ner, E.O. and Backes, M. and Balenderan, S. and Balzer, A. and Barnacka, A. and Becherini, Y. and et al.},
   year={2014},
   month={Dec}
}
@article{blumenthal,
  title = {Bremsstrahlung, Synchrotron Radiation, and Compton Scattering of High-Energy Electrons Traversing Dilute Gases},
  author = {BLUMENTHAL, GEORGE R. and GOULD, ROBERT J.},
  journal = {Rev. Mod. Phys.},
  volume = {42},
  issue = {2},
  pages = {237--270},
  numpages = {0},
  year = {1970},
  month = {4},
  publisher = {American Physical Society},
  doi = {10.1103/RevModPhys.42.237},
  url = {https://link.aps.org/doi/10.1103/RevModPhys.42.237}
}


@article{2msipm,
title = {Evaluation of silicon photomultipliers for dual-mirror Small-Sized Telescopes of Cherenkov Telescope Array},
journal = {Nuclear Instruments and Methods in Physics Research Section A: Accelerators, Spectrometers, Detectors and Associated Equipment},
volume = {912},
pages = {177-181},
year = {2018},
note = {New Developments In Photodetection 2017},
issn = {0168-9002},
doi = {https://doi.org/10.1016/j.nima.2017.11.017},
url = {https://www.sciencedirect.com/science/article/pii/S0168900217312032},
author = {A. Asano and others},
keywords = {Silicon photomultiplier, Photon detector, Gamma ray, Air shower, Cherenkov radiation, Astrophysics},
}

@article{astropy:2013,
Adsnote = {Provided by the SAO/NASA Astrophysics Data System},
Adsurl = {http://adsabs.harvard.edu/abs/2013A%26A...558A..33A},
Archiveprefix = {arXiv},
Author = {Astropy Collaboration},
Doi = {10.1051/0004-6361/201322068},
Eid = {A33},
Eprint = {1307.6212},
Journal = {aap},
Keywords = {methods: data analysis, methods: miscellaneous, virtual observatory tools},
Month = oct,
Pages = {A33},
Primaryclass = {astro-ph.IM},
Title = {{Astropy: A community Python package for astronomy}},
Volume = 558,
Year = 2013,
Bdsk-Url-1 = {https://dx.doi.org/10.1051/0004-6361/201322068}}

@ARTICLE{astropy:2018,
       author = {Astropy Collaboration},
        title = "{The Astropy Project: Building an Open-science Project and Status of the v2.0 Core Package}",
      journal = {aj},
     keywords = {methods: data analysis, methods: miscellaneous, methods: statistical, reference systems, Astrophysics - Instrumentation and Methods for Astrophysics},
         year = 2018,
        month = sep,
       volume = {156},
       number = {3},
          eid = {123},
        pages = {123},
          doi = {10.3847/1538-3881/aabc4f},
archivePrefix = {arXiv},
       eprint = {1801.02634},
 primaryClass = {astro-ph.IM},
       adsurl = {https://ui.adsabs.harvard.edu/abs/2018AJ....156..123A},
      adsnote = {Provided by the SAO/NASA Astrophysics Data System}
}
@misc{nsb ,
author = {Buchele,M and others},
title = {nsb},
year = {2020},
howpublished = {\url{https://pypi.org/project/nsb/}}
}
@article{TXS,
   title={VERITAS Observations of the BL Lac Object TXS 0506+056},
   volume={861},
   ISSN={2041-8213},
   url={http://dx.doi.org/10.3847/2041-8213/aad053},
   DOI={10.3847/2041-8213/aad053},
   number={2},
   journal={The Astrophysical Journal},
   publisher={American Astronomical Society},
   author={Abeysekara, A. U. and Archer, A. and Benbow, W. and Bird, R. and Brill, A. and Brose, R. and Buckley, J. H. and Christiansen, J. L. and Chromey, A. J. and Daniel, M. K. and et al.},
   year={2018},
   month={7},
   pages={L20}
}
@article{cena,
   title={Resolving acceleration to very high energies along the jet of Centaurus A},
   volume={582},
   ISSN={1476-4687},
   url={http://dx.doi.org/10.1038/s41586-020-2354-1},
   DOI={10.1038/s41586-020-2354-1},
   number={7812},
   journal={Nature},
   publisher={Springer Science and Business Media LLC},
   author={Abdalla, H. and Adam, R. and Aharonian, F. and Benkhali, F. Ait and Anguner, E. O. and Arakawa, M. and Arcaro, C. and Armand, C. and Ashkar, H. and et al.},
   year={2020},
   month={6},
   pages={356â€“359}
}

@misc{crabextension,
      title={Advanced search for the extension of unresolved TeV sources with H.E.S.S.: First measurement of the extension of the Crab nebula at TeV energies}, 
      author={M. Holler and D. Berge and J. Hahn and D. Khangulyan and R. D. Parsons},
      year={2017},
      eprint={1707.04196},
      archivePrefix={arXiv},
      primaryClass={astro-ph.HE}
}
@article{bayesianwcd,
  title={Bayesian Deep Learning for Shower Parameter Reconstruction in Water Cherenkov Detectors},
  author={Clecio Roque De Bom and Luciana Olivia Dias and R{\'u}ben ConceiÃ§{\~a}o and Bernardo Tom{\'e} and U. Barres de Almeida and A. Moraes and M. Pimenta and Ronald Cintra Shellard and M{\'a}rcio P. de Albuquerque},
  journal={Proceedings of 37th International Cosmic Ray Conference â€” PoS(ICRC2021)},
  year={2021}
}
@BOOK{longair,
       author = {{Longair}, Malcolm S.},
        title = "{High Energy Astrophysics}",
         year = 2011,
       adsurl = {https://ui.adsabs.harvard.edu/abs/2011hea..book.....L},
      adsnote = {Provided by the SAO/NASA Astrophysics Data System}
}

@article{escape,
   title={GAMMA-RAYS FROM THE QUASAR PKS 1441+25: STORY OF AN ESCAPE},
   volume={815},
   ISSN={2041-8213},
   url={http://dx.doi.org/10.1088/2041-8205/815/2/L22},
   DOI={10.1088/2041-8205/815/2/l22},
   number={2},
   journal={The Astrophysical Journal},
   publisher={American Astronomical Society},
   author={Abeysekara, A. U. and Archambault, S. and Archer, A. and Aune, T. and Barnacka, A. and Benbow, W. and Bird, R. and Biteau, J. and Buckley, J. H. and Bugaev, V. and et al.},
   year={2015},
   month={12},
   pages={L22}
}

@misc{sstcamsimulation ,
author = {Watson,J and others},
title = {sstcam-simulation},
year = {2021},
howpublished = {\url{https://github.com/sstcam/sstcam-simulation}}
}
@ARTICLE{samdl,
       author = {{Spencer}, S. and {Armstrong}, T. and {Watson}, J. and {Mangano}, S. and {Renier}, Y. and {Cotter}, G.},
        title = "{Deep learning with photosensor timing information as a background rejection method for the Cherenkov Telescope Array}",
      journal = {Astroparticle Physics},
     keywords = {CTA, CHEC, Deep learning, IACT, Background rejection, Astrophysics - Instrumentation and Methods for Astrophysics, Astrophysics - High Energy Astrophysical Phenomena, Computer Science - Machine Learning},
         year = 2021,
        month = may,
       volume = {129},
          eid = {102579},
        pages = {102579},
          doi = {10.1016/j.astropartphys.2021.102579},
archivePrefix = {arXiv},
       eprint = {2103.06054},
 primaryClass = {astro-ph.IM},
       adsurl = {https://ui.adsabs.harvard.edu/abs/2021APh...12902579S},
      adsnote = {Provided by the SAO/NASA Astrophysics Data System}
}


@software{photutils,
author       = {Larry Bradley and others},
title        = {astropy/photutils: 1.0.0},
month        = sep,
year         = 2020,
publisher    = {Zenodo},
version      = {1.0.0},
doi          = {10.5281/zenodo.4044744},
url          = {https://doi.org/10.5281/zenodo.4044744}
}
@article{healpix,
   title={HEALPix: A Framework for High-Resolution Discretization and Fast Analysis of Data Distributed on the Sphere},
   volume={622},
   ISSN={1538-4357},
   url={http://dx.doi.org/10.1086/427976},
   DOI={10.1086/427976},
   number={2},
   journal={The Astrophysical Journal},
   publisher={American Astronomical Society},
   author={Gorski, K. M. and Hivon, E. and Banday, A. J. and Wandelt, B. D. and Hansen, F. K. and Reinecke, M. and Bartelmann, M.},
   year={2005},
   month={4},
   pages={759-771}
}

@ARTICLE{starlink,
       author = {{Tregloan-Reed}, J. and {Otarola}, A. and {Ortiz}, E. and {Molina}, V. and {Anais}, J. and {Gonz{\'a}lez}, R. and {Colque}, J.~P. and {Unda-Sanzana}, E.},
        title = "{First observations and magnitude measurement of Starlink's Darksat}",
      journal = {aap},
     keywords = {techniques: photometric, light pollution, methods: observational, Astrophysics - Instrumentation and Methods for Astrophysics},
         year = 2020,
        month = may,
       volume = {637},
          eid = {L1},
        pages = {L1},
          doi = {10.1051/0004-6361/202037958},
archivePrefix = {arXiv},
       eprint = {2003.07251},
 primaryClass = {astro-ph.IM},
       adsurl = {https://ui.adsabs.harvard.edu/abs/2020A&A...637L...1T},
      adsnote = {Provided by the SAO/NASA Astrophysics Data System}
}


@article{ssticrc,
      author         = "White, R",
      title          = "{The Small-Sized Telescopes for the Southern Site of the
Cherenkov Telescope Array}",
      booktitle      = "{ Contributions to the 37th International Cosmic
                        Ray Conference (ICRC 2021)}",
      collaboration  = "SSTCAM",
      journal        = "PoS",
      volume         = "ICRC2021",
      year           = {2021},
      pages          = "728",
      SLACcitation   = "%%CITATION = POSCI,ICRC2021,728;%%"
} 
@article{1mhighnsb,
   title={SiPM behaviour under continuous light},
   volume={14},
   ISSN={1748-0221},
   url={http://dx.doi.org/10.1088/1748-0221/14/12/P12016},
   DOI={10.1088/1748-0221/14/12/p12016},
   number={12},
   journal={Journal of Instrumentation},
   publisher={IOP Publishing},
   author={Nagai, A. and others},
   year={2019},
   month={12},
   pages={P12016â€“P12016}
}

@ARTICLE{magicGRB,
       author = {{MAGIC Collaboration}},
        title = "{Teraelectronvolt emission from the gamma-ray burst GRB 190114C}",
      journal = {Nature},
     keywords = {Astrophysics - High Energy Astrophysical Phenomena},
         year = 2019,
        month = nov,
       volume = {575},
       number = {7783},
        pages = {455-458},
          doi = {10.1038/s41586-019-1750-x},
archivePrefix = {arXiv},
       eprint = {2006.07249},
 primaryClass = {astro-ph.HE},
       adsurl = {https://ui.adsabs.harvard.edu/abs/2019Natur.575..455M},
      adsnote = {Provided by the SAO/NASA Astrophysics Data System}
}


@ARTICLE{BandE,
       author = {{Benn}, C.~R. and {Ellison}, S.~L.},
        title = "{Brightness of the night sky over La Palma}",
      journal = {Nar},
     keywords = {Astrophysics},
         year = 1998,
        month = nov,
       volume = {42},
       number = {6-8},
        pages = {503-507},
          doi = {10.1016/S1387-6473(98)00062-1},
archivePrefix = {arXiv},
       eprint = {astro-ph/9909153},
 primaryClass = {astro-ph},
       adsurl = {https://ui.adsabs.harvard.edu/abs/1998NewAR..42..503B},
      adsnote = {Provided by the SAO/NASA Astrophysics Data System}
}



@article{gaiadr1a,
       author = {Gaia Collaboration},
        title = "{The Gaia mission}",
      journal = {aap},
         year = 2016,
        month = nov,
       volume = {595},
          eid = {A1},
        pages = {A1},
          doi = {10.1051/0004-6361/201629272},
archivePrefix = {arXiv},
       eprint = {1609.04153},
 primaryClass = {astro-ph.IM},
       adsurl = {https://ui.adsabs.harvard.edu/abs/2016A\&A...595A...1G},
      adsnote = {Provided by the SAO/NASA Astrophysics Data System}
}



@article{Krisciunas,
	doi = {10.1086/132921},
	url = {https://doi.org/10.1086/132921},
	year = 1991,
	month = {9},
	publisher = {{IOP} Publishing},
	volume = {103},
	pages = {1033},
	author = {Kevin Krisciunas and Bradley E. Schaefer},
	title = {A model of the brightness of moonlight},
	journal = {Publications of the Astronomical Society of the Pacific},
	abstract = {In this paper, measurements of the sky brightness from the 2800-m level of Mauna Kea are reported. In addition, a model is presented for predicting the moonlight as a function of the moon's phase, the zenith distance of the moon, the zenith distance of the sky position, the angular separation of the moon and sky position, and the local extinction coefficient. The model equations can be quickly calculated on a pocket calculator. A comparison of the model with lunar data and with some Russian solar data shows the accuracy of the predictions to range from 8 percent to 23 percent.}
}
@article{Schwarzschild1905, 
	author = "K. Schwarzschild",
	title  = "Untersuchungen zur geometrischen Optik II", 
	journal= "Astronomische Mitteilungen der Koeniglichen Sternwarte zu Goettingen", 
	volume = "Vol. 10",
	pages  = "1-28", 
	year   = "1905"	}

@article{Couder1926, 
	author = "A. Couder",
	title  = "  ", 
	journal= "Compt. Rend. Acad. Sci.", 
	volume = "138",
	pages  = "1276", 
	year   = "1926"	}
	
@article{dualmirrorpaper,
	Author = {{Schmoll, J., et al.}},
	Date-Added = {2013-05-21 08:47:29 +0000},
	Date-Modified = {2013-05-21 08:49:11 +0000},
	Journal = {Astropart. Phys.},
	Title = {A 2-Reflector Telescope for Gamma-Ray Astronomy Beyond 1 TeV},
	Volume = {in prep.},
	Year = {2013}}

@article{TARGETpaper,
	Adsnote = {Provided by the SAO/NASA Astrophysics Data System},
	Adsurl = {http://adsabs.harvard.edu/abs/2012APh....36..156B},
	Archiveprefix = {arXiv},
	Author = {{Bechtol}, K. and {Funk}, S. and {Okumura}, A. and {Ruckman}, L.~L. and {Simons}, A. and {Tajima}, H. and {Vandenbroucke}, J. and {Varner}, G.~S.},
	Doi = {10.1016/j.astropartphys.2012.05.016},
	Eprint = {1105.1832},
	Journal = {Astroparticle Physics},
	Month = aug,
	Pages = {156-165},
	Primaryclass = {astro-ph.IM},
	Title = {{TARGET: A multi-channel digitizer chip for very-high-energy gamma-ray telescopes}},
	Volume = 36,
	Year = 2012,
	Bdsk-Url-1 = {http://dx.doi.org/10.1016/j.astropartphys.2012.05.016}}

@ARTICLE{ligogrb,
       author = {{Abbott}, B.~P. and others},
        title = "{Multi-messenger Observations of a Binary Neutron Star Merger}",
      journal = {apjl},
     keywords = {gravitational waves, stars: neutron, Astrophysics - High Energy Astrophysical Phenomena, General Relativity and Quantum Cosmology},
         year = 2017,
        month = oct,
       volume = {848},
       number = {2},
          eid = {L12},
        pages = {L12},
          doi = {10.3847/2041-8213/aa91c9},
archivePrefix = {arXiv},
       eprint = {1710.05833},
 primaryClass = {astro-ph.HE},
       adsurl = {https://ui.adsabs.harvard.edu/abs/2017ApJ...848L..12A},
      adsnote = {Provided by the SAO/NASA Astrophysics Data System}
}


@misc{hooperslayter,
      title={Two Emission Mechanisms in the Fermi Bubbles: A Possible Signal of Annihilating Dark Matter}, 
      author={Dan Hooper and Tracy R. Slatyer},
      year={2013},
      eprint={1302.6589},
      archivePrefix={arXiv},
      primaryClass={astro-ph.HE}
}
@article{Diallo,
         Author = {{Diallo, C., Ait-Kadi, D., Chelbi, A.}},
	 Title = {{A joint spare-provisioning and preventive maintenance strategy for availability maximization under limited resources}},
	 Journal = {{Probabilistic Safety Assessment and Management}},
	 Pages = {{2840-2846}}
}
@ARTICLE{hessetacar,
       author = {{H.~E.~S.~S. Collaboration}},
        title = "{Detection of very-high-energy {\ensuremath{\gamma}}-ray emission from the colliding wind binary {\ensuremath{\eta}} Car with H.E.S.S.}",
      journal = {Aap},
     keywords = {astroparticle physics, radiation mechanisms: non-thermal, binaries: general, stars: individual: {\ensuremath{\eta}} Car, stars: Wolf-Rayet, cosmic rays, Astrophysics - High Energy Astrophysical Phenomena},
         year = 2020,
        month = mar,
       volume = {635},
          eid = {A167},
        pages = {A167},
          doi = {10.1051/0004-6361/201936761},
archivePrefix = {arXiv},
       eprint = {2002.02336},
 primaryClass = {astro-ph.HE},
       adsurl = {https://ui.adsabs.harvard.edu/abs/2020A\&A...635A.167H},
      adsnote = {Provided by the SAO/NASA Astrophysics Data System}
}

@misc{gtav,
      title={Learning from Synthetic Data: Addressing Domain Shift for Semantic Segmentation}, 
      author={Swami Sankaranarayanan and others},
      year={2018},
      eprint={1711.06969},
      archivePrefix={arXiv},
      primaryClass={cs.CV}
}

@misc{veritasstat,
      title={VERITAS: Status and Latest Results}, 
      author={G. Maier},
      year={2007},
      eprint={0709.3654},
      archivePrefix={arXiv},
      primaryClass={astro-ph}
}
@ARTICLE{morrison,
       author = {{Morrison}, P.},
        title = "{On gamma-ray astronomy}",
      journal = {Il Nuovo Cimento},
         year = 1958,
        month = mar,
       volume = {7},
       number = {6},
        pages = {858-865},
          doi = {10.1007/BF02745590},
       adsurl = {https://ui.adsabs.harvard.edu/abs/1958NCim....7..858M},
      adsnote = {Provided by the SAO/NASA Astrophysics Data System}
}
@ARTICLE{cosb,
       author = {{Cesarsky}, C.~J. and {Paul}, J.~A.},
        title = "{Gamma ray astronomy and the COS-B satellite.}",
      journal = {Endeavour},
     keywords = {Cos-B Satellite, Gamma Ray Astronomy, Spaceborne Astronomy, Black Holes (Astronomy), Milky Way Galaxy, Photons, Pulsars, Quasars, Radio Sources (Astronomy), Stellar Spectrophotometry, Supernovae, Astrophysics, Gamma-Ray Astronomy},
         year = 1984,
        month = jan,
       volume = {8},
       number = {1},
        pages = {9-16},
       adsurl = {https://ui.adsabs.harvard.edu/abs/1984Endvr...8....9C},
      adsnote = {Provided by the SAO/NASA Astrophysics Data System}
}


@ARTICLE{sas2,
       author = {{Fichtel}, C.~E. and others},
        title = "{High-energy gamma-ray results from the second Small Astronomy Satellite.}",
      journal = {apj},
     keywords = {Gamma Rays, Sas, Spaceborne Telescopes, X Ray Telescopes, Cosmic Rays, Crab Nebula, Diffuse Radiation, Galactic Radiation, Galactic Structure, Pulsars, Supernova Remnants, Astrophysics},
         year = 1975,
        month = may,
       volume = {198},
        pages = {163-182},
          doi = {10.1086/153590},
       adsurl = {https://ui.adsabs.harvard.edu/abs/1975ApJ...198..163F},
      adsnote = {Provided by the SAO/NASA Astrophysics Data System}
}

@misc{starlinkcta,
      title={Concerns about ground based astronomical observations: quantifying satellites' constellations damages}, 
      author={Stefano Gallozzi and Diego Paris and Marco Scardia and David Dubois},
      year={2020},
      eprint={2003.05472},
      archivePrefix={arXiv},
      primaryClass={astro-ph.IM}
}

@inproceedings{factphotonstream,
  title={Single Photon Extraction for FACTâ€™s SiPMs allows for Novel IACT Event Representation},
  author={{Mueller},S and others},
  year={2017}
}

@ARTICLE{oso3,
       author = {{Kraushaar}, W.~L. and others},
        title = "{High-Energy Cosmic Gamma-Ray Observations from the OSO-3 Satellite}",
      journal = {apj},
         year = 1972,
        month = nov,
       volume = {177},
        pages = {341},
          doi = {10.1086/151713},
       adsurl = {https://ui.adsabs.harvard.edu/abs/1972ApJ...177..341K},
      adsnote = {Provided by the SAO/NASA Astrophysics Data System}
}
@article{psct,
   title={Detection of the Crab Nebula with the 9.7m prototype Schwarzschild-Couder telescope},
   volume={128},
   ISSN={0927-6505},
   url={http://dx.doi.org/10.1016/j.astropartphys.2021.102562},
   DOI={10.1016/j.astropartphys.2021.102562},
   journal={Astroparticle Physics},
   publisher={Elsevier BV},
   author={Adams, C.B. and Alfaro, R. and Ambrosi, G. and Ambrosio, M. and Aramo, C. and Arlen, T. and Batista, P.I. and Benbow, W. and Bertucci, B. and Bissaldi, E. and et al.},
   year={2021},
   month={3},
   pages={102562}
}

@INPROCEEDINGS{compton,
       author = {{Gehrels}, N. and {Chipman}, E. and {Kniffen}, D.~A.},
        title = "{The Compton Gamma Ray Observatory: mission status.}",
     keywords = {Space Missions: Space Instrumentation, 95.55.Ka, 95.85.Pw, X- and gamma-ray telescopes and instrumentation, gamma-ray},
    booktitle = {The Second Compton Symposium},
         year = 1994,
       editor = {{Fichtel}, C.~E. and {Gehrels}, N. and {Norris}, J.~P.},
       series = {American Institute of Physics Conference Series},
       volume = {304},
        month = jan,
        pages = {3-11},
          doi = {10.1063/1.45595},
       adsurl = {https://ui.adsabs.harvard.edu/abs/1994AIPC..304....3G},
      adsnote = {Provided by the SAO/NASA Astrophysics Data System}
}

@article{explorer,
  title = {Search for Primary Cosmic Gamma Rays with the Satellite Explorer XI},
  author = {Kraushaar, W. L. and Clark, G. W.},
  journal = {Phys. Rev. Lett.},
  volume = {8},
  issue = {3},
  pages = {106--109},
  numpages = {0},
  year = {1962},
  month = {2},
  publisher = {American Physical Society},
  doi = {10.1103/PhysRevLett.8.106},
  url = {https://link.aps.org/doi/10.1103/PhysRevLett.8.106}
}

@ARTICLE{Vela,
       author = {{Klebesadel}, Ray W. and {Strong}, Ian B. and {Olson}, Roy A.},
        title = "{Observations of Gamma-Ray Bursts of Cosmic Origin}",
      journal = {apjl},
         year = 1973,
        month = jun,
       volume = {182},
        pages = {L85},
          doi = {10.1086/181225},
       adsurl = {https://ui.adsabs.harvard.edu/abs/1973ApJ...182L..85K},
      adsnote = {Provided by the SAO/NASA Astrophysics Data System}
}


@article{aug,
  title={DADIL: Data augmentation for domain-invariant learning},
  author={Maya, Shigeru and Ueno, Ken},
  journal={Data Science and Pattern Recognition},
  volume={4},
  number={2},
  pages={33--49},
  year={2020}
}

@article{lhassocrab,
   title={Petaâ€“electron volt gamma-ray emission from the Crab Nebula},
   volume={373},
   ISSN={1095-9203},
   url={http://dx.doi.org/10.1126/science.abg5137},
   DOI={10.1126/science.abg5137},
   number={6553},
   journal={Science},
   publisher={American Association for the Advancement of Science (AAAS)},
   author={Cao, Zhen and others},
   year={2021},
   month={7},
   pages={425â€“430}
}

@article{pinktelescope,
   title={Study of the photon flux from the night sky at La Palma and Namibia, in the wavelength region relevant for imaging atmospheric Cherenkov telescopes},
   volume={481},
   ISSN={0168-9002},
   url={http://dx.doi.org/10.1016/S0168-9002(01)01264-5},
   DOI={10.1016/s0168-9002(01)01264-5},
   number={1-3},
   journal={Nuclear Instruments and Methods in Physics Research Section A: Accelerators, Spectrometers, Detectors and Associated Equipment},
   publisher={Elsevier BV},
   author={Preuss, S. and others},
   year={2002},
   month={4},
   pages={229â€“240}
}
@misc{geminga,
      title={Detection of extended TeV emission around the Geminga pulsar with H.E.S.S}, 
      author={A. M. W. Mitchell and S. Caroff and J. Hinton and L. Mohrmann},
      year={2021},
      eprint={2108.02556},
      archivePrefix={arXiv},
      primaryClass={astro-ph.HE}
}
@misc{perceiver,
      title={Perceiver: General Perception with Iterative Attention}, 
      author={Andrew Jaegle and Felix Gimeno and Andrew Brock and Andrew Zisserman and Oriol Vinyals and Joao Carreira},
      year={2021},
      eprint={2103.03206},
      archivePrefix={arXiv},
      primaryClass={cs.CV}
}